
@article{reichardt_statistical_2006,
	title = {Statistical mechanics of community detection},
	volume = {74},
	issn = {1539-3755, 1550-2376},
	url = {http://link.aps.org/doi/10.1103/PhysRevE.74.016110},
	doi = {10.1103/PhysRevE.74.016110},
	language = {en},
	number = {1},
	urldate = {2014-06-25},
	journal = {Physical Review E},
	author = {Reichardt, Jörg and Bornholdt, Stefan},
	month = jul,
	year = {2006},
	file = {PhysRevE.74.016110.pdf:/home/akhambhati/.zotero/zotero/ogos7uvj.default/zotero/storage/2S5X72PN/PhysRevE.74.016110.pdf:application/pdf}
}

@article{he_control_2014,
	title = {Control for a synchronization-desynchronization switch},
	volume = {90},
	issn = {1539-3755, 1550-2376},
	url = {http://link.aps.org/doi/10.1103/PhysRevE.90.012909},
	doi = {10.1103/PhysRevE.90.012909},
	language = {en},
	number = {1},
	urldate = {2014-09-19},
	journal = {Physical Review E},
	author = {He, Zhiwei and Wang, Xingang and Zhang, Guo-Yong and Zhan, Meng},
	month = jul,
	year = {2014},
	file = {PhysRevE.90.012909.pdf:/home/akhambhati/.zotero/zotero/ogos7uvj.default/zotero/storage/25MQSUS7/PhysRevE.90.012909.pdf:application/pdf}
}

@article{newman_modularity_2006,
	title = {Modularity and community structure in networks},
	volume = {103},
	url = {http://www.pnas.org/content/103/23/8577.short},
	number = {23},
	urldate = {2014-06-24},
	journal = {Proceedings of the National Academy of Sciences},
	author = {Newman, Mark EJ},
	year = {2006},
	pages = {8577--8582},
	file = {PNAS-2006-Newman-8577-82.pdf:/home/akhambhati/.zotero/zotero/ogos7uvj.default/zotero/storage/JQSMMDCV/PNAS-2006-Newman-8577-82.pdf:application/pdf}
}

@article{tzallas_epileptic_2009,
	title = {Epileptic Seizure Detection in {EEGs} Using Time-Frequency Analysis},
	volume = {13},
	issn = {1089-7771},
	url = {http://ieeexplore.ieee.org/lpdocs/epic03/wrapper.htm?arnumber=4801967},
	doi = {10.1109/TITB.2009.2017939},
	number = {5},
	urldate = {2014-09-18},
	journal = {{IEEE} Transactions on Information Technology in Biomedicine},
	author = {Tzallas, A.T. and Tsipouras, M.G. and Fotiadis, D.I.},
	month = sep,
	year = {2009},
	pages = {703--710},
	file = {04801967.pdf:/home/akhambhati/.zotero/zotero/ogos7uvj.default/zotero/storage/DS9CS8TQ/04801967.pdf:application/pdf}
}

@article{franaszczuk_timefrequency_1998,
	title = {Time–frequency analysis using the matching pursuit algorithm applied to seizures originating from the mesial temporal lobe},
	volume = {106},
	url = {http://www.sciencedirect.com/science/article/pii/S0013469498000248},
	number = {6},
	urldate = {2014-09-18},
	journal = {Electroencephalography and clinical neurophysiology},
	author = {Franaszczuk, Piotr J. and Bergey, Gregory K. and Durka, Piotr J. and Eisenberg, Howard M.},
	year = {1998},
	pages = {513--521},
	file = {1-s2.0-S0013469498000248-main.pdf:/home/akhambhati/.zotero/zotero/ogos7uvj.default/zotero/storage/XZ23C854/1-s2.0-S0013469498000248-main.pdf:application/pdf}
}

@article{ortega_imbalance_2010,
	title = {Imbalance of community structures in epilepsy},
	volume = {246},
	issn = {1742-6596},
	url = {http://stacks.iop.org/1742-6596/246/i=1/a=012036?key=crossref.da49ce0648bbd4efdf1ebc7b080fe03a},
	doi = {10.1088/1742-6596/246/1/012036},
	urldate = {2013-09-30},
	journal = {Journal of Physics: Conference Series},
	author = {Ortega, G J and Peco, I Herrera and Sola, R García de and Pastor, J},
	month = sep,
	year = {2010},
	pages = {012036},
	file = {Ortega et al. - 2010 - Imbalance of community structures in epilepsy.pdf:/home/akhambhati/.zotero/zotero/ogos7uvj.default/zotero/storage/V7C8XDH9/Ortega et al. - 2010 - Imbalance of community structures in epilepsy.pdf:application/pdf}
}

@article{lancichinetti_consensus_2012,
	title = {Consensus clustering in complex networks},
	volume = {2},
	issn = {2045-2322},
	url = {http://www.nature.com/doifinder/10.1038/srep00336},
	doi = {10.1038/srep00336},
	number = {336},
	urldate = {2014-06-16},
	journal = {Scientific Reports},
	author = {Lancichinetti, Andrea and Fortunato, Santo},
	month = mar,
	year = {2012},
	pages = {1--7},
	file = {srep00336.pdf:/home/akhambhati/.zotero/zotero/ogos7uvj.default/zotero/storage/IU73IH9D/srep00336.pdf:application/pdf}
}

@article{ponten_indications_2009,
	title = {Indications for network regularization during absence seizures: Weighted and unweighted graph theoretical analyses},
	volume = {217},
	issn = {00144886},
	shorttitle = {Indications for network regularization during absence seizures},
	url = {http://linkinghub.elsevier.com/retrieve/pii/S0014488609000521},
	doi = {10.1016/j.expneurol.2009.02.001},
	number = {1},
	urldate = {2014-02-13},
	journal = {Experimental Neurology},
	author = {Ponten, S.C. and Douw, L. and Bartolomei, F. and Reijneveld, J.C. and Stam, C.J.},
	month = may,
	year = {2009},
	pages = {197--204},
	file = {1-s2.0-S0014488609000521-main.pdf:/home/akhambhati/.zotero/zotero/ogos7uvj.default/zotero/storage/5QU8KWB2/1-s2.0-S0014488609000521-main.pdf:application/pdf}
}

@article{zitnik_nimfa:_2012,
	title = {Nimfa: A python library for nonnegative matrix factorization},
	volume = {13},
	shorttitle = {Nimfa},
	url = {http://dl.acm.org/citation.cfm?id=2188415},
	number = {1},
	urldate = {2014-09-22},
	journal = {The Journal of Machine Learning Research},
	author = {Žitnik, Marinka and Zupan, Blaž},
	year = {2012},
	pages = {849--853},
	file = {2012-ZitnikZupan-JMLR.pdf:/home/akhambhati/.zotero/zotero/ogos7uvj.default/zotero/storage/FXNZ5W7N/2012-ZitnikZupan-JMLR.pdf:application/pdf}
}

@article{buzsaki_origin_2012,
	title = {The origin of extracellular fields and currents — {EEG}, {ECoG}, {LFP} and spikes},
	volume = {13},
	issn = {1471-003X, 1471-0048},
	url = {http://www.nature.com/doifinder/10.1038/nrn3241},
	doi = {10.1038/nrn3241},
	number = {6},
	urldate = {2014-09-17},
	journal = {Nature Reviews Neuroscience},
	author = {Buzsáki, György and Anastassiou, Costas A. and Koch, Christof},
	month = may,
	year = {2012},
	pages = {407--420},
	file = {BuzsakiKoch2012.pdf:/home/akhambhati/.zotero/zotero/ogos7uvj.default/zotero/storage/EAUSIDQI/BuzsakiKoch2012.pdf:application/pdf}
}

@article{buice_statistical_2009,
	title = {Statistical mechanics of the neocortex},
	volume = {99},
	issn = {00796107},
	url = {http://linkinghub.elsevier.com/retrieve/pii/S0079610709000534},
	doi = {10.1016/j.pbiomolbio.2009.07.003},
	number = {2-3},
	urldate = {2013-08-05},
	journal = {Progress in Biophysics and Molecular Biology},
	author = {Buice, Michael A. and Cowan, Jack D.},
	month = feb,
	year = {2009},
	pages = {53--86},
	file = {1-s2.0-S0079610709000534-main.pdf:/home/akhambhati/.zotero/zotero/ogos7uvj.default/zotero/storage/QPGK654P/1-s2.0-S0079610709000534-main.pdf:application/pdf}
}

@article{bassett_altered_2012,
	title = {Altered resting state complexity in schizophrenia},
	volume = {59},
	issn = {10538119},
	url = {http://linkinghub.elsevier.com/retrieve/pii/S1053811911011633},
	doi = {10.1016/j.neuroimage.2011.10.002},
	language = {en},
	number = {3},
	urldate = {2014-04-23},
	journal = {{NeuroImage}},
	author = {Bassett, Danielle S. and Nelson, Brent G. and Mueller, Bryon A. and Camchong, Jazmin and Lim, Kelvin O.},
	month = feb,
	year = {2012},
	pages = {2196--2207},
	file = {1-s2.0-S1053811911011633-main.pdf:/home/akhambhati/.zotero/zotero/ogos7uvj.default/zotero/storage/TB2ZU9TV/1-s2.0-S1053811911011633-main.pdf:application/pdf}
}

@article{crofts_weighted_2009,
	title = {A weighted communicability measure applied to complex brain networks},
	volume = {6},
	issn = {1742-5689, 1742-5662},
	url = {http://rsif.royalsocietypublishing.org/cgi/doi/10.1098/rsif.2008.0484},
	doi = {10.1098/rsif.2008.0484},
	number = {33},
	urldate = {2013-09-04},
	journal = {Journal of The Royal Society Interface},
	author = {Crofts, J. J and Higham, D. J},
	month = jan,
	year = {2009},
	pages = {411--414},
	file = {Crofts and Higham - 2009 - A weighted communicability measure applied to comp.pdf:/home/akhambhati/.zotero/zotero/ogos7uvj.default/zotero/storage/E5H953R6/Crofts and Higham - 2009 - A weighted communicability measure applied to comp.pdf:application/pdf}
}

@article{feldt_muldoon_spatially_2013,
	title = {Spatially clustered neuronal assemblies comprise the microstructure of synchrony in chronically epileptic networks},
	volume = {110},
	issn = {0027-8424, 1091-6490},
	url = {http://www.pnas.org/cgi/doi/10.1073/pnas.1216958110},
	doi = {10.1073/pnas.1216958110},
	number = {9},
	urldate = {2013-07-24},
	journal = {Proceedings of the National Academy of Sciences},
	author = {Feldt Muldoon, S. and Soltesz, I. and Cossart, R.},
	month = feb,
	year = {2013},
	pages = {3567--3572},
	file = {Feldt Muldoon et al. - 2013 - Spatially clustered neuronal assemblies comprise t.pdf:/home/akhambhati/.zotero/zotero/ogos7uvj.default/zotero/storage/7DQK5RJM/Feldt Muldoon et al. - 2013 - Spatially clustered neuronal assemblies comprise t.pdf:application/pdf}
}

@article{ponten_relationship_2010,
	title = {The relationship between structural and functional connectivity: Graph theoretical analysis of an {EEG} neural mass model},
	volume = {52},
	issn = {10538119},
	shorttitle = {The relationship between structural and functional connectivity},
	url = {http://linkinghub.elsevier.com/retrieve/pii/S1053811909011203},
	doi = {10.1016/j.neuroimage.2009.10.049},
	number = {3},
	urldate = {2014-02-13},
	journal = {{NeuroImage}},
	author = {Ponten, S.C. and Daffertshofer, A. and Hillebrand, A. and Stam, C.J.},
	month = sep,
	year = {2010},
	pages = {985--994},
	file = {1-s2.0-S1053811909011203-main.pdf:/home/akhambhati/.zotero/zotero/ogos7uvj.default/zotero/storage/N8BIUEF9/1-s2.0-S1053811909011203-main.pdf:application/pdf}
}

@article{lambiotte_laplacian_2008,
	title = {Laplacian dynamics and multiscale modular structure in networks},
	url = {http://arxiv.org/abs/0812.1770},
	urldate = {2013-09-25},
	journal = {{arXiv} preprint {arXiv}:0812.1770},
	author = {Lambiotte, Renaud and Delvenne, J.-C. and Barahona, Mauricio},
	year = {2008},
	file = {Lambiotte et al. - 2008 - Laplacian dynamics and multiscale modular structur.pdf:/home/akhambhati/.zotero/zotero/ogos7uvj.default/zotero/storage/F4HZ65JE/Lambiotte et al. - 2008 - Laplacian dynamics and multiscale modular structur.pdf:application/pdf}
}

@article{girvan_community_2002,
	title = {Community structure in social and biological networks},
	volume = {99},
	url = {http://www.pnas.org/content/99/12/7821.short},
	number = {12},
	urldate = {2014-06-16},
	journal = {Proceedings of the National Academy of Sciences},
	author = {Girvan, Michelle and Newman, Mark EJ},
	year = {2002},
	pages = {7821--7826},
	file = {PNAS-2002-Girvan-7821-6.pdf:/home/akhambhati/.zotero/zotero/ogos7uvj.default/zotero/storage/UJUAZG2K/PNAS-2002-Girvan-7821-6.pdf:application/pdf}
}

@inproceedings{eavani_unsupervised_2013,
	title = {Unsupervised learning of functional network dynamics in resting state {fMRI}},
	url = {http://link.springer.com/chapter/10.1007/978-3-642-38868-2_36},
	urldate = {2014-09-21},
	booktitle = {Information Processing in Medical Imaging},
	publisher = {Springer},
	author = {Eavani, Harini and Satterthwaite, Theodore D. and Gur, Raquel E. and Gur, Ruben C. and Davatzikos, Christos},
	year = {2013},
	pages = {426--437},
	file = {nihms-504470.pdf:/home/akhambhati/.zotero/zotero/ogos7uvj.default/zotero/storage/WZGQ7H45/nihms-504470.pdf:application/pdf}
}

@article{schindler_peri-ictal_2010,
	title = {Peri-ictal correlation dynamics of high-frequency (80–200Hz) intracranial {EEG}},
	volume = {89},
	issn = {09201211},
	url = {http://linkinghub.elsevier.com/retrieve/pii/S0920121109003465},
	doi = {10.1016/j.eplepsyres.2009.11.006},
	language = {en},
	number = {1},
	urldate = {2014-03-21},
	journal = {Epilepsy Research},
	author = {Schindler, Kaspar and Amor, Frédérique and Gast, Heidemarie and Müller, Markus and Stibal, Alexander and Mariani, Luigi and Rummel, Christian},
	month = mar,
	year = {2010},
	pages = {72--81},
	file = {Schindler et al. - 2010 - Peri-ictal correlation dynamics of high-frequency .pdf:/home/akhambhati/.zotero/zotero/ogos7uvj.default/zotero/storage/FZ4XUT65/Schindler et al. - 2010 - Peri-ictal correlation dynamics of high-frequency .pdf:application/pdf}
}

@article{bullmore_economy_2012,
	title = {The economy of brain network organization},
	issn = {1471-003X, 1471-0048},
	url = {http://www.nature.com/doifinder/10.1038/nrn3214},
	doi = {10.1038/nrn3214},
	urldate = {2014-04-22},
	journal = {Nature Reviews Neuroscience},
	author = {Bullmore, Ed and Sporns, Olaf},
	month = apr,
	year = {2012},
	file = {Bullmore and Sporns - 2012 - The economy of brain network organization.pdf:/home/akhambhati/.zotero/zotero/ogos7uvj.default/zotero/storage/X5EN8GI7/Bullmore and Sporns - 2012 - The economy of brain network organization.pdf:application/pdf}
}

@article{breshears_stable_2010,
	title = {Stable and dynamic cortical electrophysiology of induction and emergence with propofol anesthesia},
	volume = {107},
	issn = {0027-8424, 1091-6490},
	url = {http://www.pnas.org/cgi/doi/10.1073/pnas.1011949107},
	doi = {10.1073/pnas.1011949107},
	number = {49},
	urldate = {2013-06-25},
	journal = {Proceedings of the National Academy of Sciences},
	author = {Breshears, J. D. and Roland, J. L. and Sharma, M. and Gaona, C. M. and Freudenburg, Z. V. and Tempelhoff, R. and Avidan, M. S. and Leuthardt, E. C.},
	month = nov,
	year = {2010},
	pages = {21170--21175},
	file = {Breshears et al. - 2010 - Stable and dynamic cortical electrophysiology of i.pdf:/home/akhambhati/.zotero/zotero/ogos7uvj.default/zotero/storage/2A7JK8F8/Breshears et al. - 2010 - Stable and dynamic cortical electrophysiology of i.pdf:application/pdf}
}

@article{lehnertz_evolving_2014,
	title = {Evolving networks in the human epileptic brain},
	volume = {267},
	issn = {01672789},
	url = {http://linkinghub.elsevier.com/retrieve/pii/S0167278913001826},
	doi = {10.1016/j.physd.2013.06.009},
	language = {en},
	urldate = {2014-09-08},
	journal = {Physica D: Nonlinear Phenomena},
	author = {Lehnertz, Klaus and Ansmann, Gerrit and Bialonski, Stephan and Dickten, Henning and Geier, Christian and Porz, Stephan},
	month = jan,
	year = {2014},
	pages = {7--15},
	file = {1-s2.0-S0167278913001826-main.pdf:/home/akhambhati/.zotero/zotero/ogos7uvj.default/zotero/storage/6DCZJAVF/1-s2.0-S0167278913001826-main.pdf:application/pdf}
}

@article{rombach_core-periphery_2014,
	title = {Core-Periphery Structure in Networks},
	volume = {74},
	issn = {0036-1399, 1095-712X},
	url = {http://epubs.siam.org/doi/abs/10.1137/120881683},
	doi = {10.1137/120881683},
	language = {en},
	number = {1},
	urldate = {2014-07-23},
	journal = {{SIAM} Journal on Applied Mathematics},
	author = {Rombach, M. Puck and Porter, Mason A. and Fowler, James H. and Mucha, Peter J.},
	month = feb,
	year = {2014},
	pages = {167--190},
	file = {SIAPcore.pdf:/home/akhambhati/.zotero/zotero/ogos7uvj.default/zotero/storage/UIZEAMNG/SIAPcore.pdf:application/pdf}
}

@article{uhlhaas_neural_2006,
	title = {Neural Synchrony in Brain Disorders: Relevance for Cognitive Dysfunctions and Pathophysiology},
	volume = {52},
	issn = {08966273},
	shorttitle = {Neural Synchrony in Brain Disorders},
	url = {http://linkinghub.elsevier.com/retrieve/pii/S0896627306007276},
	doi = {10.1016/j.neuron.2006.09.020},
	language = {en},
	number = {1},
	urldate = {2014-09-17},
	journal = {Neuron},
	author = {Uhlhaas, P and Singer, W},
	month = oct,
	year = {2006},
	pages = {155--168},
	file = {main.pdf:/home/akhambhati/.zotero/zotero/ogos7uvj.default/zotero/storage/IQTBFE7R/main.pdf:application/pdf}
}

@article{siegel_medically_2001,
	title = {Medically intractable, localization-related epilepsy with normal {MRI}: presurgical evaluation and surgical outcome in 43 patients},
	volume = {42},
	shorttitle = {Medically intractable, localization-related epilepsy with normal {MRI}},
	url = {http://onlinelibrary.wiley.com/doi/10.1046/j.1528-1157.2001.042007883.x/full},
	number = {7},
	urldate = {2014-07-08},
	journal = {Epilepsia},
	author = {Siegel, Adrian M. and Jobst, Barbara C. and Thadani, Vijay M. and Rhodes, C. Harker and Lewis, Petra J. and Roberts, David W. and Williamson, Peter D.},
	year = {2001},
	pages = {883--888},
	file = {j.1528-1157.2001.042007883.x.pdf:/home/akhambhati/.zotero/zotero/ogos7uvj.default/zotero/storage/4PMTTCMD/j.1528-1157.2001.042007883.x.pdf:application/pdf}
}

@article{wilke_graph_2011,
	title = {Graph analysis of epileptogenic networks in human partial epilepsy: Graph Analysis of Epileptogenic Networks},
	volume = {52},
	issn = {00139580},
	shorttitle = {Graph analysis of epileptogenic networks in human partial epilepsy},
	url = {http://doi.wiley.com/10.1111/j.1528-1167.2010.02785.x},
	doi = {10.1111/j.1528-1167.2010.02785.x},
	number = {1},
	urldate = {2014-02-22},
	journal = {Epilepsia},
	author = {Wilke, Christopher and Worrell, Gregory and He, Bin},
	month = jan,
	year = {2011},
	pages = {84--93},
	file = {j.1528-1167.2010.02785.x.pdf:/home/akhambhati/.zotero/zotero/ogos7uvj.default/zotero/storage/WWJETN2N/j.1528-1167.2010.02785.x.pdf:application/pdf}
}

@article{ekman_predicting_2012,
	title = {Predicting errors from reconfiguration patterns in human brain networks},
	volume = {109},
	issn = {0027-8424, 1091-6490},
	url = {http://www.pnas.org/cgi/doi/10.1073/pnas.1207523109},
	doi = {10.1073/pnas.1207523109},
	language = {en},
	number = {41},
	urldate = {2014-06-24},
	journal = {Proceedings of the National Academy of Sciences},
	author = {Ekman, M. and Derrfuss, J. and Tittgemeyer, M. and Fiebach, C. J.},
	month = oct,
	year = {2012},
	pages = {16714--16719},
	file = {PNAS-2012-Ekman-1207523109.pdf:/home/akhambhati/.zotero/zotero/ogos7uvj.default/zotero/storage/SZIW55C3/PNAS-2012-Ekman-1207523109.pdf:application/pdf}
}

@article{matsumoto_functional_2006,
	title = {Functional connectivity in human cortical motor system: a cortico-cortical evoked potential study},
	volume = {130},
	issn = {0006-8950, 1460-2156},
	shorttitle = {Functional connectivity in human cortical motor system},
	url = {http://www.brain.oxfordjournals.org/cgi/doi/10.1093/brain/awl257},
	doi = {10.1093/brain/awl257},
	number = {1},
	urldate = {2013-07-08},
	journal = {Brain},
	author = {Matsumoto, R. and Nair, D. R. and LaPresto, E. and Bingaman, W. and Shibasaki, H. and Luders, H. O.},
	month = nov,
	year = {2006},
	pages = {181--197},
	file = {Matsumoto et al. - 2006 - Functional connectivity in human cortical motor sy.pdf:/home/akhambhati/.zotero/zotero/ogos7uvj.default/zotero/storage/FEZRIP9G/Matsumoto et al. - 2006 - Functional connectivity in human cortical motor sy.pdf:application/pdf}
}

@article{kim_major_2013,
	title = {Major white matter fiber changes in medically intractable neocortical epilepsy in children: A diffusion tensor imaging study},
	volume = {103},
	issn = {09201211},
	shorttitle = {Major white matter fiber changes in medically intractable neocortical epilepsy in children},
	url = {http://linkinghub.elsevier.com/retrieve/pii/S0920121112002306},
	doi = {10.1016/j.eplepsyres.2012.07.017},
	number = {2-3},
	urldate = {2014-01-30},
	journal = {Epilepsy Research},
	author = {Kim, H. and Harrison, A. and Kankirawatana, P. and Rozzelle, C. and Blount, J. and Torgerson, C. and Knowlton, R.},
	month = feb,
	year = {2013},
	pages = {211--220},
	file = {1-s2.0-S0920121112002306-main.pdf:/home/akhambhati/.zotero/zotero/ogos7uvj.default/zotero/storage/4RDQX544/1-s2.0-S0920121112002306-main.pdf:application/pdf}
}

@article{lemieux_concepts_2011,
	title = {Concepts of Connectivity and Human Epileptic Activity},
	volume = {5},
	issn = {1662-5137},
	url = {http://www.frontiersin.org/Systems_Neuroscience/10.3389/fnsys.2011.00012/abstract},
	doi = {10.3389/fnsys.2011.00012},
	urldate = {2013-07-08},
	journal = {Frontiers in Systems Neuroscience},
	author = {Lemieux, Louis and Daunizeau, Jean and Walker, Matthew C.},
	year = {2011},
	file = {Lemieux et al. - 2011 - Concepts of Connectivity and Human Epileptic Activ.pdf:/home/akhambhati/.zotero/zotero/ogos7uvj.default/zotero/storage/C473W722/Lemieux et al. - 2011 - Concepts of Connectivity and Human Epileptic Activ.pdf:application/pdf}
}

@article{govindan_surface-based_2013,
	title = {Surface-based laminar analysis of diffusion abnormalities in cortical and white matter layers in neocortical epilepsy},
	volume = {54},
	issn = {00139580},
	url = {http://doi.wiley.com/10.1111/epi.12129},
	doi = {10.1111/epi.12129},
	number = {4},
	urldate = {2014-01-30},
	journal = {Epilepsia},
	author = {Govindan, Rajkumar Munian and Asano, Eishi and Juhasz, Csaba and Jeong, Jeong-won and Chugani, Harry T.},
	month = apr,
	year = {2013},
	pages = {667--677},
	file = {epi12129.pdf:/home/akhambhati/.zotero/zotero/ogos7uvj.default/zotero/storage/RN6P99GZ/epi12129.pdf:application/pdf}
}

@article{brunet_metagenes_2004,
	title = {Metagenes and molecular pattern discovery using matrix factorization},
	volume = {101},
	url = {http://www.pnas.org/content/101/12/4164.short},
	number = {12},
	urldate = {2014-09-24},
	journal = {Proceedings of the national academy of sciences},
	author = {Brunet, Jean-Philippe and Tamayo, Pablo and Golub, Todd R. and Mesirov, Jill P.},
	year = {2004},
	pages = {4164--4169},
	file = {1014164.pdf:/home/akhambhati/.zotero/zotero/ogos7uvj.default/zotero/storage/ZQ46RFJW/1014164.pdf:application/pdf}
}

@article{palmigiano_stability_2012,
	title = {Stability of Synchronization Clusters and Seizurability in Temporal Lobe Epilepsy},
	volume = {7},
	issn = {1932-6203},
	url = {http://dx.plos.org/10.1371/journal.pone.0041799},
	doi = {10.1371/journal.pone.0041799},
	number = {7},
	urldate = {2014-02-22},
	journal = {{PLoS} {ONE}},
	author = {Palmigiano, Agostina and Pastor, Jesús and García de Sola, Rafael and Ortega, Guillermo J.},
	editor = {Chialvo, Dante R.},
	month = jul,
	year = {2012},
	pages = {e41799},
	file = {journal.pone.0041799.pdf:/home/akhambhati/.zotero/zotero/ogos7uvj.default/zotero/storage/IESG9RW2/journal.pone.0041799.pdf:application/pdf}
}

@article{bullmore_brain_2011,
	title = {Brain Graphs: Graphical Models of the Human Brain Connectome},
	volume = {7},
	issn = {1548-5943, 1548-5951},
	shorttitle = {Brain Graphs},
	url = {http://www.annualreviews.org/doi/abs/10.1146/annurev-clinpsy-040510-143934},
	doi = {10.1146/annurev-clinpsy-040510-143934},
	number = {1},
	urldate = {2013-06-26},
	journal = {Annual Review of Clinical Psychology},
	author = {Bullmore, Edward T. and Bassett, Danielle S.},
	month = apr,
	year = {2011},
	pages = {113--140},
	file = {Bullmore and Bassett - 2011 - Brain Graphs Graphical Models of the Human Brain .pdf:/home/akhambhati/.zotero/zotero/ogos7uvj.default/zotero/storage/5P8PPX4F/Bullmore and Bassett - 2011 - Brain Graphs Graphical Models of the Human Brain .pdf:application/pdf}
}

@article{spencer_neural_2002,
	title = {Neural networks in human epilepsy: evidence of and implications for treatment},
	volume = {43},
	shorttitle = {Neural networks in human epilepsy},
	url = {http://onlinelibrary.wiley.com/doi/10.1046/j.1528-1157.2002.26901.x/full},
	number = {3},
	urldate = {2014-09-08},
	journal = {Epilepsia},
	author = {Spencer, Susan S.},
	year = {2002},
	pages = {219--227},
	file = {ContentServer.pdf:/home/akhambhati/.zotero/zotero/ogos7uvj.default/zotero/storage/2H3KBI9M/ContentServer.pdf:application/pdf}
}

@article{kramer_emergence_2011,
	title = {Emergence of Persistent Networks in Long-Term Intracranial {EEG} Recordings},
	volume = {31},
	issn = {0270-6474, 1529-2401},
	url = {http://www.jneurosci.org/cgi/doi/10.1523/JNEUROSCI.2287-11.2011},
	doi = {10.1523/JNEUROSCI.2287-11.2011},
	number = {44},
	urldate = {2013-08-19},
	journal = {Journal of Neuroscience},
	author = {Kramer, M. A. and Eden, U. T. and Lepage, K. Q. and Kolaczyk, E. D. and Bianchi, M. T. and Cash, S. S.},
	month = nov,
	year = {2011},
	pages = {15757--15767},
	file = {Kramer et al. - 2011 - Emergence of Persistent Networks in Long-Term Intr.pdf:/home/akhambhati/.zotero/zotero/ogos7uvj.default/zotero/storage/AHEJ5K3W/Kramer et al. - 2011 - Emergence of Persistent Networks in Long-Term Intr.pdf:application/pdf}
}

@book{buzsaki_rhythms_2006,
	address = {New York},
	edition = {1st},
	title = {Rhythms of the Brain},
	isbn = {9780199828234},
	publisher = {Oxford University Press},
	author = {Buzsaki, Gyorgy},
	year = {2006}
}

@article{litt_epileptic_2001,
	title = {Epileptic seizures may begin hours in advance of clinical onset: a report of five patients},
	volume = {30},
	shorttitle = {Epileptic seizures may begin hours in advance of clinical onset},
	url = {http://www.sciencedirect.com/science/article/pii/S0896627301002628},
	number = {1},
	urldate = {2014-04-29},
	journal = {Neuron},
	author = {Litt, Brian and Esteller, Rosana and Echauz, Javier and D'Alessandro, Maryann and Shor, Rachel and Henry, Thomas and Pennell, Page and Epstein, Charles and Bakay, Roy and Dichter, Marc},
	year = {2001},
	pages = {51--64},
	file = {1-s2.0-S0896627301002628-main.pdf:/home/akhambhati/.zotero/zotero/ogos7uvj.default/zotero/storage/EGJT5ZF9/1-s2.0-S0896627301002628-main.pdf:application/pdf}
}

@article{french_refractory_2007,
	title = {Refractory Epilepsy: Clinical Overview},
	volume = {48},
	issn = {0013-9580, 1528-1167},
	shorttitle = {Refractory Epilepsy},
	url = {http://doi.wiley.com/10.1111/j.1528-1167.2007.00992.x},
	doi = {10.1111/j.1528-1167.2007.00992.x},
	language = {en},
	number = {S1},
	urldate = {2014-06-16},
	journal = {Epilepsia},
	author = {French, Jacqueline A.},
	month = mar,
	year = {2007},
	pages = {3--7},
	file = {j.1528-1167.2007.00992.x.pdf:/home/akhambhati/.zotero/zotero/ogos7uvj.default/zotero/storage/G3QM85GC/j.1528-1167.2007.00992.x.pdf:application/pdf}
}

@article{pereda_nonlinear_2005,
	title = {Nonlinear multivariate analysis of neurophysiological signals},
	volume = {77},
	issn = {03010082},
	url = {http://linkinghub.elsevier.com/retrieve/pii/S030100820500119X},
	doi = {10.1016/j.pneurobio.2005.10.003},
	language = {en},
	number = {1-2},
	urldate = {2014-09-17},
	journal = {Progress in Neurobiology},
	author = {Pereda, Ernesto and Quiroga, Rodrigo Quian and Bhattacharya, Joydeep},
	month = sep,
	year = {2005},
	pages = {1--37},
	file = {PNB.pdf:/home/akhambhati/.zotero/zotero/ogos7uvj.default/zotero/storage/CSB4BHFF/PNB.pdf:application/pdf}
}

@article{kramer_coalescence_2010,
	title = {Coalescence and Fragmentation of Cortical Networks during Focal Seizures},
	volume = {30},
	issn = {0270-6474, 1529-2401},
	url = {http://www.jneurosci.org/cgi/doi/10.1523/JNEUROSCI.6309-09.2010},
	doi = {10.1523/JNEUROSCI.6309-09.2010},
	number = {30},
	urldate = {2013-09-10},
	journal = {Journal of Neuroscience},
	author = {Kramer, M. A. and Eden, U. T. and Kolaczyk, E. D. and Zepeda, R. and Eskandar, E. N. and Cash, S. S.},
	month = jul,
	year = {2010},
	pages = {10076--10085},
	file = {Kramer et al. - 2010 - Coalescence and Fragmentation of Cortical Networks.pdf:/home/akhambhati/.zotero/zotero/ogos7uvj.default/zotero/storage/2IQZXPW3/Kramer et al. - 2010 - Coalescence and Fragmentation of Cortical Networks.pdf:application/pdf;Kramer et al. - 2010 - Coalescence and Fragmentation of Cortical Networks.pdf:/home/akhambhati/.zotero/zotero/ogos7uvj.default/zotero/storage/3CST8HMM/Kramer et al. - 2010 - Coalescence and Fragmentation of Cortical Networks.pdf:application/pdf}
}

@article{bassett_small-world_2006,
	title = {Small-World Brain Networks},
	volume = {12},
	issn = {1073-8584},
	url = {http://nro.sagepub.com/cgi/doi/10.1177/1073858406293182},
	doi = {10.1177/1073858406293182},
	number = {6},
	urldate = {2013-06-24},
	journal = {The Neuroscientist},
	author = {Bassett, D. S. and Bullmore, E.},
	month = dec,
	year = {2006},
	pages = {512--523},
	file = {Bassett and Bullmore - 2006 - Small-World Brain Networks.pdf:/home/akhambhati/.zotero/zotero/ogos7uvj.default/zotero/storage/8BCRQAPW/Bassett and Bullmore - 2006 - Small-World Brain Networks.pdf:application/pdf}
}

@article{schiff_neuronal_2005,
	title = {Neuronal spatiotemporal pattern discrimination: The dynamical evolution of seizures},
	volume = {28},
	issn = {10538119},
	shorttitle = {Neuronal spatiotemporal pattern discrimination},
	url = {http://linkinghub.elsevier.com/retrieve/pii/S1053811905004775},
	doi = {10.1016/j.neuroimage.2005.06.059},
	language = {en},
	number = {4},
	urldate = {2014-07-15},
	journal = {{NeuroImage}},
	author = {Schiff, Steven J. and Sauer, Tim and Kumar, Rohit and Weinstein, Steven L.},
	month = dec,
	year = {2005},
	pages = {1043--1055},
	file = {1-s2.0-S1053811905004775-main.pdf:/home/akhambhati/.zotero/zotero/ogos7uvj.default/zotero/storage/AVSE6CEX/1-s2.0-S1053811905004775-main.pdf:application/pdf}
}

@article{bellec_multi-level_2010,
	title = {Multi-level bootstrap analysis of stable clusters in resting-state {fMRI}},
	volume = {51},
	issn = {10538119},
	url = {http://linkinghub.elsevier.com/retrieve/pii/S1053811910002697},
	doi = {10.1016/j.neuroimage.2010.02.082},
	language = {en},
	number = {3},
	urldate = {2014-09-24},
	journal = {{NeuroImage}},
	author = {Bellec, Pierre and Rosa-Neto, Pedro and Lyttelton, Oliver C. and Benali, Habib and Evans, Alan C.},
	month = jul,
	year = {2010},
	pages = {1126--1139},
	file = {Bellec et al. - 2010 - Multi-level bootstrap analysis of stable clusters .pdf:/home/akhambhati/.zotero/zotero/ogos7uvj.default/zotero/storage/7CHNJ5KG/Bellec et al. - 2010 - Multi-level bootstrap analysis of stable clusters .pdf:application/pdf}
}

@article{chu_emergence_2012,
	title = {Emergence of Stable Functional Networks in Long-Term Human Electroencephalography},
	volume = {32},
	issn = {0270-6474, 1529-2401},
	url = {http://www.jneurosci.org/cgi/doi/10.1523/JNEUROSCI.5669-11.2012},
	doi = {10.1523/JNEUROSCI.5669-11.2012},
	number = {8},
	urldate = {2013-08-19},
	journal = {Journal of Neuroscience},
	author = {Chu, C. J. and Kramer, M. A. and Pathmanathan, J. and Bianchi, M. T. and Westover, M. B. and Wizon, L. and Cash, S. S.},
	month = feb,
	year = {2012},
	pages = {2703--2713},
	file = {Chu et al. - 2012 - Emergence of Stable Functional Networks in Long-Te.pdf:/home/akhambhati/.zotero/zotero/ogos7uvj.default/zotero/storage/HVPPH9WT/Chu et al. - 2012 - Emergence of Stable Functional Networks in Long-Te.pdf:application/pdf}
}

@article{le_bihan_diffusion_2001,
	title = {Diffusion tensor imaging: concepts and applications},
	volume = {13},
	shorttitle = {Diffusion tensor imaging},
	url = {http://onlinelibrary.wiley.com/doi/10.1002/jmri.1076/full},
	number = {4},
	urldate = {2013-07-08},
	journal = {Journal of magnetic resonance imaging},
	author = {Le Bihan, Denis and Mangin, Jean-Fran{\textbackslash}ccois and Poupon, Cyril and Clark, Chris A. and Pappata, Sabina and Molko, Nicolas and Chabriat, Hughes},
	year = {2001},
	pages = {534--546},
	file = {Le Bihan et al. - 2001 - Diffusion tensor imaging concepts and application.pdf:/home/akhambhati/.zotero/zotero/ogos7uvj.default/zotero/storage/5H48ED2J/Le Bihan et al. - 2001 - Diffusion tensor imaging concepts and application.pdf:application/pdf}
}

@article{lee_learning_1999,
	title = {Learning the parts of objects by non-negative matrix factorization},
	volume = {401},
	number = {6755},
	journal = {Nature},
	author = {Lee, Daniel and Seung, Sebastien},
	year = {1999},
	pages = {788--791},
	file = {Lee and Seung - 1999 - Learning the parts of objects by non-negative matr.pdf:/home/akhambhati/.zotero/zotero/ogos7uvj.default/zotero/storage/QIVBAUXZ/Lee and Seung - 1999 - Learning the parts of objects by non-negative matr.pdf:application/pdf}
}

@inproceedings{eavani_sparse_2012,
	title = {Sparse Dictionary Learning of Resting State {fMRI} Networks},
	isbn = {978-1-4673-2182-2, 978-0-7695-4765-7},
	url = {http://ieeexplore.ieee.org/lpdocs/epic03/wrapper.htm?arnumber=6295931},
	doi = {10.1109/PRNI.2012.25},
	urldate = {2014-09-21},
	publisher = {{IEEE}},
	author = {Eavani, Harini and Filipovych, Roman and Davatzikos, Christos and Satterthwaite, Theodore D. and Gur, Raquel E. and Gur, Ruben C.},
	month = jul,
	year = {2012},
	pages = {73--76},
	file = {06295931.pdf:/home/akhambhati/.zotero/zotero/ogos7uvj.default/zotero/storage/SIKX3D7T/06295931.pdf:application/pdf}
}

@article{luther_value_2011,
	title = {The value of intraoperative electrocorticography in surgical decision making for temporal lobe epilepsy with normal {MRI}},
	volume = {52},
	issn = {00139580},
	url = {http://doi.wiley.com/10.1111/j.1528-1167.2011.03061.x},
	doi = {10.1111/j.1528-1167.2011.03061.x},
	number = {5},
	urldate = {2013-06-25},
	journal = {Epilepsia},
	author = {Luther, Neal and Rubens, Elayna and Sethi, Nitin and Kandula, Padmaja and Labar, Douglas R. and Harden, Cynthia and Perrine, Kenneth and Christos, Paul J. and Iorgulescu, J. Bryan and Lancman, Guido and Schaul, Neil S. and Kolesnik, Dmitriy V. and Nouri, Shahin and Dawson, Andrew and Tsiouris, Apostolos J. and Schwartz, Theodore H.},
	month = may,
	year = {2011},
	pages = {941--948},
	file = {Luther et al. - 2011 - The value of intraoperative electrocorticography i.pdf:/home/akhambhati/.zotero/zotero/ogos7uvj.default/zotero/storage/SXPDBN2V/Luther et al. - 2011 - The value of intraoperative electrocorticography i.pdf:application/pdf}
}

@article{hisada_effects_2001,
	title = {Effects of sevoflurane and isoflurane on electrocorticographic activities in patients with temporal lobe epilepsy},
	volume = {13},
	url = {http://journals.lww.com/jnsa/Abstract/2001/10000/Effects_of_Sevoflurane_and_Isoflurane_on.10.aspx},
	number = {4},
	urldate = {2013-06-25},
	journal = {Journal of neurosurgical anesthesiology},
	author = {Hisada, Kei and Morioka, Takato and Fukui, Kimiko and Nishio, Shunji and Kuruma, Takemaru and Irita, Kazuo and Takahashi, Shosuke and Fukui, Masashi},
	year = {2001},
	pages = {333--337},
	file = {Hisada et al. - 2001 - Effects of sevoflurane and isoflurane on electroco.pdf:/home/akhambhati/.zotero/zotero/ogos7uvj.default/zotero/storage/9P9KZNCH/Hisada et al. - 2001 - Effects of sevoflurane and isoflurane on electroco.pdf:application/pdf}
}

@article{guarin_new_2010,
	title = {A new surrogate data method for nonstationary time series},
	url = {http://arxiv.org/abs/1008.1804},
	urldate = {2013-08-08},
	journal = {{arXiv} preprint {arXiv}:1008.1804},
	author = {Guarin, Diego and Orozco, Alvaro and Delgado, Edilson},
	year = {2010},
	file = {Guarin et al. - 2010 - A new surrogate data method for nonstationary time.pdf:/home/akhambhati/.zotero/zotero/ogos7uvj.default/zotero/storage/IIS5KA8Z/Guarin et al. - 2010 - A new surrogate data method for nonstationary time.pdf:application/pdf}
}

@article{santarnecchi_efficiency_2014,
	title = {Efficiency of weak brain connections support general cognitive functioning: Efficiency of Weak and Strong Brain Connections and Intelligence},
	volume = {00},
	issn = {10659471},
	shorttitle = {Efficiency of weak brain connections support general cognitive functioning},
	url = {http://doi.wiley.com/10.1002/hbm.22495},
	doi = {10.1002/hbm.22495},
	language = {en},
	urldate = {2014-03-21},
	journal = {Human Brain Mapping},
	author = {Santarnecchi, Emiliano and Galli, Giulia and Polizzotto, Nicola Riccardo and Rossi, Alessandro and Rossi, Simone},
	month = feb,
	year = {2014},
	pages = {00--00},
	file = {Santarnecchi et al. - 2014 - Efficiency of weak brain connections support gener.pdf:/home/akhambhati/.zotero/zotero/ogos7uvj.default/zotero/storage/J87PFZ2T/Santarnecchi et al. - 2014 - Efficiency of weak brain connections support gener.pdf:application/pdf}
}

@article{leonardi_disentangling_2014,
	title = {Disentangling dynamic networks: Separated and joint expressions of functional connectivity patterns in time: Disentangling Dynamic Networks},
	issn = {10659471},
	shorttitle = {Disentangling dynamic networks},
	url = {http://doi.wiley.com/10.1002/hbm.22599},
	doi = {10.1002/hbm.22599},
	language = {en},
	urldate = {2014-09-29},
	journal = {Human Brain Mapping},
	author = {Leonardi, Nora and Shirer, William R. and Greicius, Michael D. and Van De Ville, Dimitri},
	month = jul,
	year = {2014},
	pages = {n/a--n/a},
	file = {hbm22599.pdf:/home/akhambhati/.zotero/zotero/ogos7uvj.default/zotero/storage/WAP9B7FB/hbm22599.pdf:application/pdf}
}

@article{modur_ictal_2011,
	title = {Ictal high-frequency oscillations in neocortical epilepsy: implications for seizure localization and surgical resection: Ictal High-Frequency Oscillations},
	volume = {52},
	issn = {00139580},
	shorttitle = {Ictal high-frequency oscillations in neocortical epilepsy},
	url = {http://doi.wiley.com/10.1111/j.1528-1167.2011.03165.x},
	doi = {10.1111/j.1528-1167.2011.03165.x},
	language = {en},
	number = {10},
	urldate = {2014-09-30},
	journal = {Epilepsia},
	author = {Modur, Pradeep N. and Zhang, Song and Vitaz, Todd W.},
	month = oct,
	year = {2011},
	pages = {1792--1801},
	file = {j.1528-1167.2011.03165.x.pdf:/home/akhambhati/.zotero/zotero/ogos7uvj.default/zotero/storage/Q5E2W3A7/j.1528-1167.2011.03165.x.pdf:application/pdf}
}

@article{achard_efficiency_2007,
	title = {Efficiency and Cost of Economical Brain Functional Networks},
	volume = {3},
	issn = {1553-734X, 1553-7358},
	url = {http://dx.plos.org/10.1371/journal.pcbi.0030017},
	doi = {10.1371/journal.pcbi.0030017},
	number = {2},
	urldate = {2013-09-05},
	journal = {{PLoS} Computational Biology},
	author = {Achard, Sophie and Bullmore, Ed},
	year = {2007},
	pages = {e17},
	file = {Achard and Bullmore - 2007 - Efficiency and Cost of Economical Brain Functional.pdf:/home/akhambhati/.zotero/zotero/ogos7uvj.default/zotero/storage/XQI7RXEU/Achard and Bullmore - 2007 - Efficiency and Cost of Economical Brain Functional.pdf:application/pdf}
}

@article{kim_sparse_2007,
	title = {Sparse non-negative matrix factorizations via alternating non-negativity-constrained least squares for microarray data analysis},
	volume = {23},
	issn = {1367-4803, 1460-2059},
	url = {http://bioinformatics.oxfordjournals.org/cgi/doi/10.1093/bioinformatics/btm134},
	doi = {10.1093/bioinformatics/btm134},
	language = {en},
	number = {12},
	urldate = {2014-09-22},
	journal = {Bioinformatics},
	author = {Kim, H. and Park, H.},
	month = jun,
	year = {2007},
	pages = {1495--1502},
	file = {Bioinformatics-2007-Kim-1495-502.pdf:/home/akhambhati/.zotero/zotero/ogos7uvj.default/zotero/storage/QSJETZKC/Bioinformatics-2007-Kim-1495-502.pdf:application/pdf}
}

@article{varotto_epileptogenic_2012,
	title = {Epileptogenic networks of type {II} focal cortical dysplasia: A stereo-{EEG} study},
	volume = {61},
	issn = {10538119},
	shorttitle = {Epileptogenic networks of type {II} focal cortical dysplasia},
	url = {http://linkinghub.elsevier.com/retrieve/pii/S1053811912003783},
	doi = {10.1016/j.neuroimage.2012.03.090},
	number = {3},
	urldate = {2014-02-13},
	journal = {{NeuroImage}},
	author = {Varotto, Giulia and Tassi, Laura and Franceschetti, Silvana and Spreafico, Roberto and Panzica, Ferruccio},
	month = jul,
	year = {2012},
	pages = {591--598},
	file = {1-s2.0-S1053811912003783-main.pdf:/home/akhambhati/.zotero/zotero/ogos7uvj.default/zotero/storage/UK7SBE4V/1-s2.0-S1053811912003783-main.pdf:application/pdf}
}

@article{fortunato_community_2010,
	title = {Community detection in graphs},
	volume = {486},
	issn = {03701573},
	url = {http://linkinghub.elsevier.com/retrieve/pii/S0370157309002841},
	doi = {10.1016/j.physrep.2009.11.002},
	language = {en},
	number = {3-5},
	urldate = {2014-06-25},
	journal = {Physics Reports},
	author = {Fortunato, Santo},
	month = feb,
	year = {2010},
	pages = {75--174},
	file = {fortunato2010a.pdf:/home/akhambhati/.zotero/zotero/ogos7uvj.default/zotero/storage/JBC9FJ2B/fortunato2010a.pdf:application/pdf}
}

@inproceedings{tsapanos_graph_2012,
	title = {Graph representations using adjacency matrix transforms for clustering},
	url = {http://ieeexplore.ieee.org/xpls/abs_all.jsp?arnumber=6196454},
	urldate = {2013-09-11},
	booktitle = {Electrotechnical Conference ({MELECON}), 2012 16th {IEEE} Mediterranean},
	author = {Tsapanos, Nikolaos and Pitas, Ioannis and Nikolaidis, Nikolaos},
	year = {2012},
	pages = {383--386},
	file = {06196454.pdf:/home/akhambhati/.zotero/zotero/ogos7uvj.default/zotero/storage/552X433I/06196454.pdf:application/pdf}
}

@incollection{wu_brain_2012,
	title = {Brain parcellation aids in electrode localization in epileptic patients},
	url = {http://link.springer.com/chapter/10.1007/978-3-642-32630-1_13},
	urldate = {2014-09-29},
	booktitle = {Augmented Environments for Computer-Assisted Interventions},
	publisher = {Springer},
	author = {Wu, Jue and Davis, Kathryn and Azarion, Allan and Zheng, Yuanjie and Wang, Hongzhi and Litt, Brian and Gee, James},
	year = {2012},
	pages = {130--137},
	file = {chp%3A10.1007%2F978-3-642-32630-1_13.pdf:/home/akhambhati/.zotero/zotero/ogos7uvj.default/zotero/storage/P7IF5WG2/chp%3A10.1007%2F978-3-642-32630-1_13.pdf:application/pdf}
}

@inproceedings{tuch_measuring_2001,
	title = {Measuring cortico-cortical connectivity matrices with diffusion spectrum imaging},
	volume = {502},
	url = {http://cds.ismrm.org/ismrm-2001/PDF2/0502.pdf},
	urldate = {2013-07-08},
	booktitle = {Proceedings of International Society of Magnetic Resonance in Medicine},
	author = {Tuch, David S. and Wiegell, M. R. and Reese, T. G. and Belliveau, J. W. and Wedeen, V. J.},
	year = {2001},
	file = {Tuch et al. - 2001 - Measuring cortico-cortical connectivity matrices w.pdf:/home/akhambhati/.zotero/zotero/ogos7uvj.default/zotero/storage/ZED64GII/Tuch et al. - 2001 - Measuring cortico-cortical connectivity matrices w.pdf:application/pdf}
}

@article{mazzoni_understanding_2010,
	title = {Understanding the relationships between spike rate and delta/gamma frequency bands of {LFPs} and {EEGs} using a local cortical network model},
	volume = {52},
	issn = {10538119},
	url = {http://linkinghub.elsevier.com/retrieve/pii/S1053811909013299},
	doi = {10.1016/j.neuroimage.2009.12.040},
	number = {3},
	urldate = {2013-06-24},
	journal = {{NeuroImage}},
	author = {Mazzoni, Alberto and Whittingstall, Kevin and Brunel, Nicolas and Logothetis, Nikos K and Panzeri, Stefano},
	month = sep,
	year = {2010},
	pages = {956--972},
	file = {Mazzoni et al. - 2010 - Understanding the relationships between spike rate.pdf:/home/akhambhati/.zotero/zotero/ogos7uvj.default/zotero/storage/GZMFGJCW/Mazzoni et al. - 2010 - Understanding the relationships between spike rate.pdf:application/pdf}
}

@article{van_dellen_long-term_2009,
	title = {Long-Term Effects of Temporal Lobe Epilepsy on Local Neural Networks: A Graph Theoretical Analysis of Corticography Recordings},
	volume = {4},
	issn = {1932-6203},
	shorttitle = {Long-Term Effects of Temporal Lobe Epilepsy on Local Neural Networks},
	url = {http://dx.plos.org/10.1371/journal.pone.0008081},
	doi = {10.1371/journal.pone.0008081},
	number = {11},
	urldate = {2014-02-13},
	journal = {{PLoS} {ONE}},
	author = {van Dellen, Edwin and Douw, Linda and Baayen, Johannes C. and Heimans, Jan J. and Ponten, Sophie C. and Vandertop, W. Peter and Velis, Demetrios N. and Stam, Cornelis J. and Reijneveld, Jaap C.},
	editor = {Sporns, Olaf},
	month = nov,
	year = {2009},
	pages = {e8081},
	file = {journal.pone.0008081.pdf:/home/akhambhati/.zotero/zotero/ogos7uvj.default/zotero/storage/C2VG9E98/journal.pone.0008081.pdf:application/pdf}
}

@article{mazzoni_encoding_2008,
	title = {Encoding of Naturalistic Stimuli by Local Field Potential Spectra in Networks of Excitatory and Inhibitory Neurons},
	volume = {4},
	issn = {1553-7358},
	url = {http://dx.plos.org/10.1371/journal.pcbi.1000239},
	doi = {10.1371/journal.pcbi.1000239},
	number = {12},
	urldate = {2013-06-24},
	journal = {{PLoS} Computational Biology},
	author = {Mazzoni, Alberto and Panzeri, Stefano and Logothetis, Nikos K. and Brunel, Nicolas},
	editor = {Friston, Karl J.},
	month = dec,
	year = {2008},
	pages = {e1000239},
	file = {Mazzoni et al. - 2008 - Encoding of Naturalistic Stimuli by Local Field Po.pdf:/home/akhambhati/.zotero/zotero/ogos7uvj.default/zotero/storage/BXBBQENP/Mazzoni et al. - 2008 - Encoding of Naturalistic Stimuli by Local Field Po.pdf:application/pdf}
}

@article{schindler_assessing_2006,
	title = {Assessing seizure dynamics by analysing the correlation structure of multichannel intracranial {EEG}},
	volume = {130},
	issn = {0006-8950, 1460-2156},
	url = {http://www.brain.oxfordjournals.org/cgi/doi/10.1093/brain/awl304},
	doi = {10.1093/brain/awl304},
	number = {1},
	urldate = {2013-10-15},
	journal = {Brain},
	author = {Schindler, K. and Leung, H. and Elger, C. E. and Lehnertz, K.},
	month = nov,
	year = {2006},
	pages = {65--77},
	file = {Schindler et al. - 2006 - Assessing seizure dynamics by analysing the correl.pdf:/home/akhambhati/.zotero/zotero/ogos7uvj.default/zotero/storage/X2RPP478/Schindler et al. - 2006 - Assessing seizure dynamics by analysing the correl.pdf:application/pdf}
}

@article{ren_ictal_2011,
	title = {Ictal Very Low Frequency Oscillation in Human Epilepsy Patients},
	volume = {69},
	issn = {03645134},
	url = {http://doi.wiley.com/10.1002/ana.22165},
	doi = {10.1002/ana.22165},
	number = {1},
	urldate = {2013-06-25},
	journal = {Annals of Neurology},
	author = {Ren, Liankun and Terada, Kiyohito and Baba, Koichi and Usui, Naotaka and Umeoka, Shuichi and Usui, Keiko},
	month = jan,
	year = {2011},
	pages = {193--197},
	file = {22158_ftp.pdf:/home/akhambhati/.zotero/zotero/ogos7uvj.default/zotero/storage/QGBZTQRJ/22158_ftp.pdf:application/pdf}
}

@article{jerger_multivariate_2005,
	title = {Multivariate linear discrimination of seizures},
	volume = {116},
	issn = {13882457},
	url = {http://linkinghub.elsevier.com/retrieve/pii/S1388245704004602},
	doi = {10.1016/j.clinph.2004.08.023},
	language = {en},
	number = {3},
	urldate = {2014-05-20},
	journal = {Clinical Neurophysiology},
	author = {Jerger, Kristin K. and Weinstein, Steven L. and Sauer, Tim and Schiff, Steven J.},
	month = mar,
	year = {2005},
	pages = {545--551},
	file = {1-s2.0-S1388245704004602-main.pdf:/home/akhambhati/.zotero/zotero/ogos7uvj.default/zotero/storage/2AC832MN/1-s2.0-S1388245704004602-main.pdf:application/pdf}
}

@article{bower_spatiotemporal_2012,
	title = {Spatiotemporal neuronal correlates of seizure generation in focal epilepsy: Neuronal Correlates Outside the Focus},
	volume = {53},
	issn = {00139580},
	shorttitle = {Spatiotemporal neuronal correlates of seizure generation in focal epilepsy},
	url = {http://doi.wiley.com/10.1111/j.1528-1167.2012.03417.x},
	doi = {10.1111/j.1528-1167.2012.03417.x},
	language = {en},
	number = {5},
	urldate = {2014-08-20},
	journal = {Epilepsia},
	author = {Bower, Mark R. and Stead, Matt and Meyer, Fredric B. and Marsh, W. Richard and Worrell, Gregory A.},
	month = may,
	year = {2012},
	pages = {807--816},
	file = {j.1528-1167.2012.03417.x.pdf:/home/akhambhati/.zotero/zotero/ogos7uvj.default/zotero/storage/NVJH8NX6/j.1528-1167.2012.03417.x.pdf:application/pdf}
}

@article{kramer_epilepsy_2012,
	title = {Epilepsy as a Disorder of Cortical Network Organization},
	volume = {18},
	issn = {1073-8584, 1089-4098},
	url = {http://nro.sagepub.com/cgi/doi/10.1177/1073858411422754},
	doi = {10.1177/1073858411422754},
	language = {en},
	number = {4},
	urldate = {2014-09-08},
	journal = {The Neuroscientist},
	author = {Kramer, M. A. and Cash, S. S.},
	month = aug,
	year = {2012},
	pages = {360--372},
	file = {Neuroscientist-2012-Kramer-360-72.pdf:/home/akhambhati/.zotero/zotero/ogos7uvj.default/zotero/storage/B7QAJ9QP/Neuroscientist-2012-Kramer-360-72.pdf:application/pdf}
}

@article{gadhoumi_discriminating_2012,
	title = {Discriminating preictal and interictal states in patients with temporal lobe epilepsy using wavelet analysis of intracerebral {EEG}},
	volume = {123},
	issn = {13882457},
	url = {http://linkinghub.elsevier.com/retrieve/pii/S1388245712002179},
	doi = {10.1016/j.clinph.2012.03.001},
	language = {en},
	number = {10},
	urldate = {2014-09-29},
	journal = {Clinical Neurophysiology},
	author = {Gadhoumi, Kais and Lina, Jean-Marc and Gotman, Jean},
	month = oct,
	year = {2012},
	pages = {1906--1916},
	file = {nihms2896.pdf:/home/akhambhati/.zotero/zotero/ogos7uvj.default/zotero/storage/CMII87FB/nihms2896.pdf:application/pdf}
}

@article{csermely_structure_2013,
	title = {Structure and dynamics of core/periphery networks},
	volume = {1},
	url = {http://comnet.oxfordjournals.org/content/1/2/93.short},
	number = {2},
	urldate = {2014-01-30},
	journal = {Journal of Complex Networks},
	author = {Csermely, Peter and London, András and Wu, Ling-Yun and Uzzi, Brian},
	year = {2013},
	pages = {93--123},
	file = {1309.6928.pdf:/home/akhambhati/.zotero/zotero/ogos7uvj.default/zotero/storage/R98NXKSH/1309.6928.pdf:application/pdf}
}

@article{van_diessen_functional_2013,
	title = {Functional and structural brain networks in epilepsy: What have we learned?},
	volume = {54},
	issn = {00139580},
	shorttitle = {Functional and structural brain networks in epilepsy},
	url = {http://doi.wiley.com/10.1111/epi.12350},
	doi = {10.1111/epi.12350},
	language = {en},
	number = {11},
	urldate = {2014-08-20},
	journal = {Epilepsia},
	author = {van Diessen, Eric and Diederen, Sander J. H. and Braun, Kees P. J. and Jansen, Floor E. and Stam, Cornelis J.},
	month = nov,
	year = {2013},
	pages = {1855--1865},
	file = {epi12350.pdf:/home/akhambhati/.zotero/zotero/ogos7uvj.default/zotero/storage/DUV3E9XN/epi12350.pdf:application/pdf}
}

@article{wilke_identification_2009,
	title = {Identification of epileptogenic foci from causal analysis of {ECoG} interictal spike activity},
	volume = {120},
	issn = {13882457},
	url = {http://linkinghub.elsevier.com/retrieve/pii/S1388245709003873},
	doi = {10.1016/j.clinph.2009.04.024},
	number = {8},
	urldate = {2013-07-23},
	journal = {Clinical Neurophysiology},
	author = {Wilke, C. and Drongelen, W. van and Kohrman, M. and He, B.},
	month = aug,
	year = {2009},
	pages = {1449--1456},
	file = {Wilke et al. - 2009 - Identification of epileptogenic foci from causal a.pdf:/home/akhambhati/.zotero/zotero/ogos7uvj.default/zotero/storage/H9X7S23I/Wilke et al. - 2009 - Identification of epileptogenic foci from causal a.pdf:application/pdf}
}

@article{yeh_ntu-90:_2011,
	title = {{NTU}-90: A high angular resolution brain atlas constructed by q-space diffeomorphic reconstruction},
	volume = {58},
	issn = {10538119},
	shorttitle = {{NTU}-90},
	url = {http://linkinghub.elsevier.com/retrieve/pii/S1053811911006392},
	doi = {10.1016/j.neuroimage.2011.06.021},
	number = {1},
	urldate = {2013-08-28},
	journal = {{NeuroImage}},
	author = {Yeh, Fang-Cheng and Tseng, Wen-Yih Isaac},
	month = sep,
	year = {2011},
	pages = {91--99},
	file = {Yeh and Tseng - 2011 - NTU-90 A high angular resolution brain atlas cons.pdf:/home/akhambhati/.zotero/zotero/ogos7uvj.default/zotero/storage/CBR9F5KZ/Yeh and Tseng - 2011 - NTU-90 A high angular resolution brain atlas cons.pdf:application/pdf}
}

@article{engel_update_1993,
	title = {Update on surgical treatment of the epilepsies Summary of The Second International Palm Desert Conference on the Surgical Treatment of the Epilepsies},
	volume = {43},
	number = {8},
	journal = {Neurology},
	author = {Engel, Jerome},
	year = {1993},
	pages = {1612--1612}
}

@article{liu_controllability_2011,
	title = {Controllability of complex networks},
	volume = {473},
	issn = {0028-0836, 1476-4687},
	url = {http://www.nature.com/doifinder/10.1038/nature10011},
	doi = {10.1038/nature10011},
	number = {7346},
	urldate = {2014-07-09},
	journal = {Nature},
	author = {Liu, Yang-Yu and Slotine, Jean-Jacques and Barabási, Albert-László},
	month = may,
	year = {2011},
	pages = {167--173},
	file = {nature10011.pdf:/home/akhambhati/.zotero/zotero/ogos7uvj.default/zotero/storage/BJAQIBPX/nature10011.pdf:application/pdf}
}

@article{benjamini_control_2001,
	title = {The control of the false discovery rate in multiple testing under dependency},
	url = {http://www.jstor.org/stable/2674075},
	urldate = {2014-09-17},
	journal = {Annals of statistics},
	author = {Benjamini, Yoav and Yekutieli, Daniel},
	year = {2001},
	pages = {1165--1188},
	file = {euclid.aos.1013699998.pdf:/home/akhambhati/.zotero/zotero/ogos7uvj.default/zotero/storage/RGC6DC5T/euclid.aos.1013699998.pdf:application/pdf}
}

@inproceedings{sajda_recovery_2003,
	title = {Recovery of constituent spectra using non-negative matrix factorization},
	url = {http://proceedings.spiedigitallibrary.org/proceeding.aspx?articleid=827148},
	urldate = {2014-09-22},
	booktitle = {Optical Science and Technology, {SPIE}'s 48th Annual Meeting},
	publisher = {International Society for Optics and Photonics},
	author = {Sajda, Paul and Du, Shuyan and Parra, Lucas C.},
	year = {2003},
	pages = {321--331},
	file = {Sajda SPIE.pdf:/home/akhambhati/.zotero/zotero/ogos7uvj.default/zotero/storage/U3W2GFZW/Sajda SPIE.pdf:application/pdf}
}

@article{bassett_robust_2013,
	title = {Robust detection of dynamic community structure in networks},
	volume = {23},
	issn = {10541500},
	url = {http://link.aip.org/link/CHAOEH/v23/i1/p013142/s1&Agg=doi},
	doi = {10.1063/1.4790830},
	urldate = {2013-08-05},
	journal = {Chaos: An Interdisciplinary Journal of Nonlinear Science},
	author = {Bassett, Danielle S. and Porter, Mason A. and Wymbs, Nicholas F. and Grafton, Scott T. and Carlson, Jean M. and Mucha, Peter J.},
	year = {2013},
	pages = {013142},
	file = {Bassett et al. - 2013 - Robust detection of dynamic community structure in.pdf:/home/akhambhati/.zotero/zotero/ogos7uvj.default/zotero/storage/G65TQ9TC/Bassett et al. - 2013 - Robust detection of dynamic community structure in.pdf:application/pdf}
}

@article{nakamura_testing_2006,
	title = {Testing for nonlinearity in irregular fluctuations with long-term trends},
	volume = {74},
	issn = {1539-3755, 1550-2376},
	url = {http://link.aps.org/doi/10.1103/PhysRevE.74.026205},
	doi = {10.1103/PhysRevE.74.026205},
	number = {2},
	urldate = {2013-08-08},
	journal = {Physical Review E},
	author = {Nakamura, Tomomichi and Small, Michael and Hirata, Yoshito},
	month = aug,
	year = {2006},
	file = {Nakamura et al. - 2006 - Testing for nonlinearity in irregular fluctuations.pdf:/home/akhambhati/.zotero/zotero/ogos7uvj.default/zotero/storage/BVSBSZJH/Nakamura et al. - 2006 - Testing for nonlinearity in irregular fluctuations.pdf:application/pdf}
}

@article{worrell_evidence_2002,
	title = {Evidence for self-organized criticality in human epileptic hippocampus},
	volume = {13},
	url = {http://journals.lww.com/neuroreport/Abstract/2002/11150/Evidence_for_self_organized_criticality_in_human.5.aspx},
	number = {16},
	urldate = {2014-04-22},
	journal = {Neuroreport},
	author = {Worrell, Gregory A. and Cranstoun, Stephen D. and Echauz, Javier and Litt, Brian},
	year = {2002},
	pages = {2017--2021},
	file = {Worrell et al. - 2002 - Evidence for self-organized criticality in human e.pdf:/home/akhambhati/.zotero/zotero/ogos7uvj.default/zotero/storage/8A84F7PF/Worrell et al. - 2002 - Evidence for self-organized criticality in human e.pdf:application/pdf}
}

@misc{plesser_nest_????,
	title = {{NEST} Topology User Manual},
	url = {http://dl.acm.org/citation.cfm?id=1577995},
	urldate = {2013-06-28},
	author = {Plesser, Hans and Enger, Hakon},
	file = {Plesser and Enger - NEST Topology User Manual.pdf:/home/akhambhati/.zotero/zotero/ogos7uvj.default/zotero/storage/W8HSM8BH/Plesser and Enger - NEST Topology User Manual.pdf:application/pdf}
}

@article{cole_global_2012,
	title = {Global Connectivity of Prefrontal Cortex Predicts Cognitive Control and Intelligence},
	volume = {32},
	issn = {0270-6474, 1529-2401},
	url = {http://www.jneurosci.org/cgi/doi/10.1523/JNEUROSCI.0536-12.2012},
	doi = {10.1523/JNEUROSCI.0536-12.2012},
	language = {en},
	number = {26},
	urldate = {2014-05-20},
	journal = {Journal of Neuroscience},
	author = {Cole, M. W. and Yarkoni, T. and Repovs, G. and Anticevic, A. and Braver, T. S.},
	month = jun,
	year = {2012},
	pages = {8988--8999},
	file = {8988.full.pdf:/home/akhambhati/.zotero/zotero/ogos7uvj.default/zotero/storage/BM3GWCXZ/8988.full.pdf:application/pdf}
}

@article{stead_microseizures_2010,
	title = {Microseizures and the spatiotemporal scales of human partial epilepsy},
	volume = {133},
	issn = {0006-8950, 1460-2156},
	url = {http://www.brain.oxfordjournals.org/cgi/doi/10.1093/brain/awq190},
	doi = {10.1093/brain/awq190},
	language = {en},
	number = {9},
	urldate = {2014-06-16},
	journal = {Brain},
	author = {Stead, M. and Bower, M. and Brinkmann, B. H. and Lee, K. and Marsh, W. R. and Meyer, F. B. and Litt, B. and Van Gompel, J. and Worrell, G. A.},
	month = sep,
	year = {2010},
	pages = {2789--2797},
	file = {Brain-2010-Stead-2789-97.pdf:/home/akhambhati/.zotero/zotero/ogos7uvj.default/zotero/storage/K9SNN82M/Brain-2010-Stead-2789-97.pdf:application/pdf}
}

@article{tanaka_multimodal_2011,
	title = {Multimodal Imaging of Spike Propagation: A Technical Case Report},
	volume = {33},
	issn = {0195-6108, 1936-959X},
	shorttitle = {Multimodal Imaging of Spike Propagation},
	url = {http://www.ajnr.org/cgi/doi/10.3174/ajnr.A2701},
	doi = {10.3174/ajnr.A2701},
	number = {6},
	urldate = {2014-02-10},
	journal = {American Journal of Neuroradiology},
	author = {Tanaka, N. and Grant, P. E. and Suzuki, N. and Madsen, J. R. and Bergin, A. M. and Hamalainen, M. S. and Stufflebeam, S. M.},
	month = sep,
	year = {2011},
	pages = {E82--E84},
	file = {nihms-355121.pdf:/home/akhambhati/.zotero/zotero/ogos7uvj.default/zotero/storage/RRWZUQZG/nihms-355121.pdf:application/pdf}
}

@article{ramani_neuroanesthesia_2012,
	title = {Neuroanesthesia update},
	volume = {25},
	issn = {0952-7907},
	url = {http://content.wkhealth.com/linkback/openurl?sid=WKPTLP:landingpage&an=00001503-201210000-00002},
	doi = {10.1097/ACO.0b013e328357b952},
	number = {5},
	urldate = {2013-06-25},
	journal = {Current Opinion in Anaesthesiology},
	author = {Ramani, Ramachandran},
	month = oct,
	year = {2012},
	pages = {513--515},
	file = {Ramani - 2012 - Neuroanesthesia update.pdf:/home/akhambhati/.zotero/zotero/ogos7uvj.default/zotero/storage/UR4DQFQV/Ramani - 2012 - Neuroanesthesia update.pdf:application/pdf}
}

@article{munkres_algorithms_1957,
	title = {Algorithms for the assignment and transportation problems},
	volume = {5},
	url = {http://epubs.siam.org/doi/pdf/10.1137/0105003},
	number = {1},
	urldate = {2014-09-29},
	journal = {Journal of the Society for Industrial \& Applied Mathematics},
	author = {Munkres, James},
	year = {1957},
	pages = {32--38},
	file = {10.1.1.228.3911.pdf:/home/akhambhati/.zotero/zotero/ogos7uvj.default/zotero/storage/HX76C63I/10.1.1.228.3911.pdf:application/pdf}
}

@article{warren_synchrony_2010,
	title = {Synchrony in Normal and Focal Epileptic Brain: The Seizure Onset Zone is Functionally Disconnected},
	volume = {104},
	issn = {0022-3077, 1522-1598},
	shorttitle = {Synchrony in Normal and Focal Epileptic Brain},
	url = {http://jn.physiology.org/cgi/doi/10.1152/jn.00368.2010},
	doi = {10.1152/jn.00368.2010},
	language = {en},
	number = {6},
	urldate = {2014-03-19},
	journal = {Journal of Neurophysiology},
	author = {Warren, C. P. and Hu, S. and Stead, M. and Brinkmann, B. H. and Bower, M. R. and Worrell, G. A.},
	month = dec,
	year = {2010},
	pages = {3530--3539},
	file = {Warren et al. - 2010 - Synchrony in Normal and Focal Epileptic Brain The.pdf:/home/akhambhati/.zotero/zotero/ogos7uvj.default/zotero/storage/76M8SWD6/Warren et al. - 2010 - Synchrony in Normal and Focal Epileptic Brain The.pdf:application/pdf}
}

@article{schindler_evolving_2008,
	title = {Evolving functional network properties and synchronizability during human epileptic seizures},
	volume = {18},
	issn = {10541500},
	url = {http://scitation.aip.org/content/aip/journal/chaos/18/3/10.1063/1.2966112},
	doi = {10.1063/1.2966112},
	language = {en},
	number = {3},
	urldate = {2014-03-27},
	journal = {Chaos: An Interdisciplinary Journal of Nonlinear Science},
	author = {Schindler, Kaspar A. and Bialonski, Stephan and Horstmann, Marie-Therese and Elger, Christian E. and Lehnertz, Klaus},
	year = {2008},
	pages = {033119},
	file = {Schindler et al. - 2008 - Evolving functional network properties and synchro.pdf:/home/akhambhati/.zotero/zotero/ogos7uvj.default/zotero/storage/3N43KZGD/Schindler et al. - 2008 - Evolving functional network properties and synchro.pdf:application/pdf}
}

@article{worrell_high-frequency_2008,
	title = {High-frequency oscillations in human temporal lobe: simultaneous microwire and clinical macroelectrode recordings},
	volume = {131},
	issn = {0006-8950, 1460-2156},
	shorttitle = {High-frequency oscillations in human temporal lobe},
	url = {http://www.brain.oxfordjournals.org/cgi/doi/10.1093/brain/awn006},
	doi = {10.1093/brain/awn006},
	language = {en},
	number = {4},
	urldate = {2014-06-16},
	journal = {Brain},
	author = {Worrell, G. A. and Gardner, A. B. and Stead, S. M. and Hu, S. and Goerss, S. and Cascino, G. J. and Meyer, F. B. and Marsh, R. and Litt, B.},
	month = feb,
	year = {2008},
	pages = {928--937},
	file = {Brain-2008-Worrell-928-37.pdf:/home/akhambhati/.zotero/zotero/ogos7uvj.default/zotero/storage/SJVSTP7X/Brain-2008-Worrell-928-37.pdf:application/pdf}
}

@article{korzeniewska_ictal_2014,
	title = {Ictal propagation of high frequency activity is recapitulated in interictal recordings: Effective connectivity of epileptogenic networks recorded with intracranial {EEG}},
	volume = {101},
	issn = {10538119},
	shorttitle = {Ictal propagation of high frequency activity is recapitulated in interictal recordings},
	url = {http://linkinghub.elsevier.com/retrieve/pii/S1053811914005552},
	doi = {10.1016/j.neuroimage.2014.06.078},
	language = {en},
	urldate = {2014-08-20},
	journal = {{NeuroImage}},
	author = {Korzeniewska, A. and Cervenka, M.C. and Jouny, C.C. and Perilla, J.R. and Harezlak, J. and Bergey, G.K. and Franaszczuk, P.J. and Crone, N.E.},
	month = nov,
	year = {2014},
	pages = {96--113},
	file = {1-s2.0-S1053811914005552-main.pdf:/home/akhambhati/.zotero/zotero/ogos7uvj.default/zotero/storage/EWVNIKIV/1-s2.0-S1053811914005552-main.pdf:application/pdf}
}

@article{widjaja_bilateral_2013,
	title = {Bilateral white matter abnormality in children with frontal lobe epilepsy},
	issn = {09201211},
	url = {http://linkinghub.elsevier.com/retrieve/pii/S0920121113003227},
	doi = {10.1016/j.eplepsyres.2013.12.001},
	urldate = {2014-01-30},
	journal = {Epilepsy Research},
	author = {Widjaja, Elysa and Kis, Antonella and Go, Cristina and Snead, O. Carter and Smith, Mary Lou},
	month = dec,
	year = {2013},
	file = {1-s2.0-S0920121113003227-main.pdf:/home/akhambhati/.zotero/zotero/ogos7uvj.default/zotero/storage/EED6GKGH/1-s2.0-S0920121113003227-main.pdf:application/pdf}
}

@article{schevon_spatial_2009,
	title = {Spatial characterization of interictal high frequency oscillations in epileptic neocortex},
	volume = {132},
	issn = {0006-8950, 1460-2156},
	url = {http://www.brain.oxfordjournals.org/cgi/doi/10.1093/brain/awp222},
	doi = {10.1093/brain/awp222},
	language = {en},
	number = {11},
	urldate = {2014-06-16},
	journal = {Brain},
	author = {Schevon, C. A. and Trevelyan, A. J. and Schroeder, C. E. and Goodman, R. R. and McKhann, G. and Emerson, R. G.},
	month = nov,
	year = {2009},
	pages = {3047--3059},
	file = {Brain-2009-Schevon-3047-59.pdf:/home/akhambhati/.zotero/zotero/ogos7uvj.default/zotero/storage/MJ56PSBV/Brain-2009-Schevon-3047-59.pdf:application/pdf}
}

@article{grefkes_reorganization_2011,
	title = {Reorganization of cerebral networks after stroke: new insights from neuroimaging with connectivity approaches},
	volume = {134},
	issn = {0006-8950, 1460-2156},
	shorttitle = {Reorganization of cerebral networks after stroke},
	url = {http://www.brain.oxfordjournals.org/cgi/doi/10.1093/brain/awr033},
	doi = {10.1093/brain/awr033},
	language = {en},
	number = {5},
	urldate = {2014-06-24},
	journal = {Brain},
	author = {Grefkes, C. and Fink, G. R.},
	month = may,
	year = {2011},
	pages = {1264--1276},
	file = {Brain-2011-Grefkes-1264-76.pdf:/home/akhambhati/.zotero/zotero/ogos7uvj.default/zotero/storage/NQBWDXHE/Brain-2011-Grefkes-1264-76.pdf:application/pdf}
}

@article{ghanbari_connectivity_2013,
	title = {Connectivity subnetwork learning for pathology and developmental variations},
	volume = {16},
	url = {http://link.springer.com/chapter/10.1007/978-3-642-40811-3_12},
	urldate = {2014-09-22},
	journal = {Medical Image Computing and Computer-Assisted Intervention},
	author = {Ghanbari, Yasser and Smith, Alex R. and Schultz, Robert T. and Verma, Ragini},
	year = {2013},
	pages = {90--97},
	file = {nihms575780.pdf:/home/akhambhati/.zotero/zotero/ogos7uvj.default/zotero/storage/9HZW6SIE/nihms575780.pdf:application/pdf}
}

@article{blondel_fast_2008,
	title = {Fast unfolding of communities in large networks},
	volume = {2008},
	url = {http://iopscience.iop.org/1742-5468/2008/10/P10008},
	number = {10},
	urldate = {2014-06-16},
	journal = {Journal of Statistical Mechanics: Theory and Experiment},
	author = {Blondel, Vincent D. and Guillaume, Jean-Loup and Lambiotte, Renaud and Lefebvre, Etienne},
	year = {2008},
	pages = {P10008},
	file = {0803.0476v2.pdf:/home/akhambhati/.zotero/zotero/ogos7uvj.default/zotero/storage/8V3GEFCS/0803.0476v2.pdf:application/pdf}
}

@article{gomez_diffusion_2013,
	title = {Diffusion Dynamics on Multiplex Networks},
	volume = {110},
	issn = {0031-9007, 1079-7114},
	url = {http://link.aps.org/doi/10.1103/PhysRevLett.110.028701},
	doi = {10.1103/PhysRevLett.110.028701},
	number = {2},
	urldate = {2013-10-31},
	journal = {Physical Review Letters},
	author = {Gómez, S. and Díaz-Guilera, A. and Gómez-Gardeñes, J. and Pérez-Vicente, C. J. and Moreno, Y. and Arenas, A.},
	month = jan,
	year = {2013},
	file = {Gómez et al. - 2013 - Diffusion Dynamics on Multiplex Networks.pdf:/home/akhambhati/.zotero/zotero/ogos7uvj.default/zotero/storage/XSEG5N65/Gómez et al. - 2013 - Diffusion Dynamics on Multiplex Networks.pdf:application/pdf}
}

@misc{_nihms-504470.pdf_????,
	title = {nihms-504470.pdf},
	file = {nihms-504470.pdf:/home/akhambhati/.zotero/zotero/ogos7uvj.default/zotero/storage/7XBR79W9/nihms-504470.pdf:application/pdf}
}

@misc{plesser_nest_2009,
	title = {{NEST} Topology Module: A Case-Based Tutorial},
	url = {http://jn.physiology.org/cgi/doi/10.1152/jn.00915.2004},
	urldate = {2013-06-28},
	author = {Plesser, Hans},
	month = aug,
	year = {2009},
	file = {Plesser - 2009 - NEST Topology Module A Case-Based Tutorial.pdf:/home/akhambhati/.zotero/zotero/ogos7uvj.default/zotero/storage/R8AIWEP3/Plesser - 2009 - NEST Topology Module A Case-Based Tutorial.pdf:application/pdf}
}

@article{arenas_synchronization_2008,
	title = {Synchronization in complex networks},
	volume = {469},
	issn = {03701573},
	url = {http://linkinghub.elsevier.com/retrieve/pii/S0370157308003384},
	doi = {10.1016/j.physrep.2008.09.002},
	number = {3},
	urldate = {2013-10-31},
	journal = {Physics Reports},
	author = {Arenas, Alex and Díaz-Guilera, Albert and Kurths, Jurgen and Moreno, Yamir and Zhou, Changsong},
	month = dec,
	year = {2008},
	pages = {93--153},
	file = {Arenas et al. - 2008 - Synchronization in complex networks.pdf:/home/akhambhati/.zotero/zotero/ogos7uvj.default/zotero/storage/PUMFVMRH/Arenas et al. - 2008 - Synchronization in complex networks.pdf:application/pdf}
}

@incollection{ng_novel_2012,
	title = {A novel sparse graphical approach for multimodal brain connectivity inference},
	url = {http://link.springer.com/chapter/10.1007/978-3-642-33415-3_87},
	urldate = {2013-09-04},
	booktitle = {Medical Image Computing and Computer-Assisted Intervention–{MICCAI} 2012},
	publisher = {Springer},
	author = {Ng, Bernard and Varoquaux, Gaël and Poline, Jean-Baptiste and Thirion, Bertrand},
	year = {2012},
	pages = {707--714},
	file = {Ng et al. - 2012 - A novel sparse graphical approach for multimodal b.pdf:/home/akhambhati/.zotero/zotero/ogos7uvj.default/zotero/storage/6F633T4P/Ng et al. - 2012 - A novel sparse graphical approach for multimodal b.pdf:application/pdf}
}

@article{wang_dynamic_2010,
	title = {Dynamic functional reorganization of the motor execution network after stroke},
	volume = {133},
	issn = {0006-8950, 1460-2156},
	url = {http://www.brain.oxfordjournals.org/cgi/doi/10.1093/brain/awq043},
	doi = {10.1093/brain/awq043},
	language = {en},
	number = {4},
	urldate = {2014-06-24},
	journal = {Brain},
	author = {Wang, L. and Yu, C. and Chen, H. and Qin, W. and He, Y. and Fan, F. and Zhang, Y. and Wang, M. and Li, K. and Zang, Y. and Woodward, T. S. and Zhu, C.},
	month = apr,
	year = {2010},
	pages = {1224--1238},
	file = {Brain-2010-Wang-1224-38.pdf:/home/akhambhati/.zotero/zotero/ogos7uvj.default/zotero/storage/DV8ZI7GJ/Brain-2010-Wang-1224-38.pdf:application/pdf}
}

@article{hermundstad_structural_2013,
	title = {Structural foundations of resting-state and task-based functional connectivity in the human brain},
	volume = {110},
	issn = {0027-8424, 1091-6490},
	url = {http://www.pnas.org/cgi/doi/10.1073/pnas.1219562110},
	doi = {10.1073/pnas.1219562110},
	number = {15},
	urldate = {2013-09-06},
	journal = {Proceedings of the National Academy of Sciences},
	author = {Hermundstad, A. M. and Bassett, D. S. and Brown, K. S. and Aminoff, E. M. and Clewett, D. and Freeman, S. and Frithsen, A. and Johnson, A. and Tipper, C. M. and Miller, M. B. and Grafton, S. T. and Carlson, J. M.},
	month = mar,
	year = {2013},
	pages = {6169--6174},
	file = {Hermundstad et al. - 2013 - Structural foundations of resting-state and task-b.pdf:/home/akhambhati/.zotero/zotero/ogos7uvj.default/zotero/storage/2ZJ4C2IR/Hermundstad et al. - 2013 - Structural foundations of resting-state and task-b.pdf:application/pdf}
}

@article{schindler_evolving_2008-1,
	title = {Evolving functional network properties and synchronizability during human epileptic seizures},
	volume = {18},
	issn = {10541500},
	url = {http://scitation.aip.org/content/aip/journal/chaos/18/3/10.1063/1.2966112},
	doi = {10.1063/1.2966112},
	language = {en},
	number = {3},
	urldate = {2014-09-09},
	journal = {Chaos: An Interdisciplinary Journal of Nonlinear Science},
	author = {Schindler, Kaspar A. and Bialonski, Stephan and Horstmann, Marie-Therese and Elger, Christian E. and Lehnertz, Klaus},
	year = {2008},
	pages = {033119},
	file = {1.2966112.pdf:/home/akhambhati/.zotero/zotero/ogos7uvj.default/zotero/storage/NCEBMZI7/1.2966112.pdf:application/pdf}
}

@article{jiruska_synchronization_2012,
	title = {Synchronization and desynchronization in epilepsy: controversies and hypotheses},
	volume = {591},
	issn = {0022-3751},
	shorttitle = {Synchronization and desynchronization in epilepsy},
	url = {http://www.jphysiol.org/cgi/doi/10.1113/jphysiol.2012.239590},
	doi = {10.1113/jphysiol.2012.239590},
	number = {4},
	urldate = {2013-10-15},
	journal = {The Journal of Physiology},
	author = {Jiruska, P. and de Curtis, M. and Jefferys, J. G. R. and Schevon, C. A. and Schiff, S. J. and Schindler, K.},
	month = nov,
	year = {2012},
	pages = {787--797},
	file = {Jiruska et al. - 2012 - Synchronization and desynchronization in epilepsy.pdf:/home/akhambhati/.zotero/zotero/ogos7uvj.default/zotero/storage/EVPXFXXC/Jiruska et al. - 2012 - Synchronization and desynchronization in epilepsy.pdf:application/pdf}
}

@article{kutsy_ictal_1999,
	title = {Ictal patterns of neocortical seizures monitored with intracranial electrodes: correlation with surgical outcome},
	volume = {40},
	shorttitle = {Ictal patterns of neocortical seizures monitored with intracranial electrodes},
	url = {http://onlinelibrary.wiley.com/doi/10.1111/j.1528-1157.1999.tb00702.x/full},
	number = {3},
	urldate = {2014-07-08},
	journal = {Epilepsia},
	author = {Kutsy, Roman L. and Farrell, Donald F. and Ojemann, George A.},
	year = {1999},
	pages = {257--266},
	file = {j.1528-1157.1999.tb00702.x.pdf:/home/akhambhati/.zotero/zotero/ogos7uvj.default/zotero/storage/SHTBWE7Z/j.1528-1157.1999.tb00702.x.pdf:application/pdf}
}

@article{alexander-bloch_imaging_2013,
	title = {Imaging structural co-variance between human brain regions},
	volume = {14},
	issn = {1471-003X, 1471-0048},
	url = {http://www.nature.com/doifinder/10.1038/nrn3465},
	doi = {10.1038/nrn3465},
	number = {5},
	urldate = {2013-06-27},
	journal = {Nature Reviews Neuroscience},
	author = {Alexander-Bloch, Aaron and Giedd, Jay N. and Bullmore, Ed},
	month = mar,
	year = {2013},
	pages = {322--336},
	file = {Alexander-Bloch et al. - 2013 - Imaging structural co-variance between human brain.pdf:/home/akhambhati/.zotero/zotero/ogos7uvj.default/zotero/storage/EU7P8BGC/Alexander-Bloch et al. - 2013 - Imaging structural co-variance between human brain.pdf:application/pdf}
}

@article{hamandi_combined_2008,
	title = {Combined {EEG}-{fMRI} and tractography to visualise propagation of epileptic activity},
	volume = {79},
	issn = {0022-3050},
	url = {http://jnnp.bmj.com/cgi/doi/10.1136/jnnp.2007.125401},
	doi = {10.1136/jnnp.2007.125401},
	number = {5},
	urldate = {2013-07-08},
	journal = {Journal of Neurology, Neurosurgery \& Psychiatry},
	author = {Hamandi, K and Powell, H W R and Laufs, H and Symms, M R and Barker, G J and Parker, G J M and Lemieux, L and Duncan, J S},
	month = may,
	year = {2008},
	pages = {594--597},
	file = {Hamandi et al. - 2008 - Combined EEG-fMRI and tractography to visualise pr.pdf:/home/akhambhati/.zotero/zotero/ogos7uvj.default/zotero/storage/4FPZCHBZ/Hamandi et al. - 2008 - Combined EEG-fMRI and tractography to visualise pr.pdf:application/pdf}
}

@article{wilke_graph_2011-1,
	title = {Graph analysis of epileptogenic networks in human partial epilepsy: Graph Analysis of Epileptogenic Networks},
	volume = {52},
	issn = {00139580},
	shorttitle = {Graph analysis of epileptogenic networks in human partial epilepsy},
	url = {http://doi.wiley.com/10.1111/j.1528-1167.2010.02785.x},
	doi = {10.1111/j.1528-1167.2010.02785.x},
	language = {en},
	number = {1},
	urldate = {2014-08-20},
	journal = {Epilepsia},
	author = {Wilke, Christopher and Worrell, Gregory and He, Bin},
	month = jan,
	year = {2011},
	pages = {84--93},
	file = {j.1528-1167.2010.02785.x.pdf:/home/akhambhati/.zotero/zotero/ogos7uvj.default/zotero/storage/J8KSNMCD/j.1528-1167.2010.02785.x.pdf:application/pdf}
}

@article{brandes_modularity_2008,
	title = {On Modularity Clustering},
	volume = {20},
	issn = {1041-4347},
	url = {http://ieeexplore.ieee.org/lpdocs/epic03/wrapper.htm?arnumber=4358966},
	doi = {10.1109/TKDE.2007.190689},
	number = {2},
	urldate = {2014-06-25},
	journal = {{IEEE} Transactions on Knowledge and Data Engineering},
	author = {Brandes, U. and Delling, D. and Gaertler, M. and Gorke, R. and Hoefer, M. and Nikoloski, Z. and Wagner, D.},
	month = feb,
	year = {2008},
	pages = {172--188},
	file = {04358966.pdf:/home/akhambhati/.zotero/zotero/ogos7uvj.default/zotero/storage/5TDBAJZI/04358966.pdf:application/pdf}
}

@article{weiss_ictal_2013,
	title = {Ictal high frequency oscillations distinguish two types of seizure territories in humans},
	volume = {136},
	issn = {0006-8950, 1460-2156},
	url = {http://www.brain.oxfordjournals.org/cgi/doi/10.1093/brain/awt276},
	doi = {10.1093/brain/awt276},
	language = {en},
	number = {12},
	urldate = {2014-06-16},
	journal = {Brain},
	author = {Weiss, S. A. and Banks, G. P. and McKhann, G. M. and Goodman, R. R. and Emerson, R. G. and Trevelyan, A. J. and Schevon, C. A.},
	month = dec,
	year = {2013},
	pages = {3796--3808},
	file = {Brain-2013-Weiss-3796-808.pdf:/home/akhambhati/.zotero/zotero/ogos7uvj.default/zotero/storage/ZV8QV4PT/Brain-2013-Weiss-3796-808.pdf:application/pdf}
}

@inproceedings{eavani_identifying_2013,
	title = {Identifying patterns in temporal variation of functional connectivity using resting state {FMRI}},
	url = {http://ieeexplore.ieee.org/xpls/abs_all.jsp?arnumber=6556667},
	urldate = {2014-09-21},
	booktitle = {Biomedical Imaging ({ISBI}), 2013 {IEEE} 10th International Symposium on},
	publisher = {{IEEE}},
	author = {Eavani, Harini and Satterthwaite, Theodore D. and Gur, Raquel E. and Gur, Ruben C. and Davatzikos, Christos},
	year = {2013},
	pages = {1086--1089},
	file = {06556667.pdf:/home/akhambhati/.zotero/zotero/ogos7uvj.default/zotero/storage/DT23R33X/06556667.pdf:application/pdf}
}

@article{brinkmann_large-scale_2009,
	title = {Large-scale electrophysiology: Acquisition, compression, encryption, and storage of big data},
	volume = {180},
	issn = {01650270},
	shorttitle = {Large-scale electrophysiology},
	url = {http://linkinghub.elsevier.com/retrieve/pii/S0165027009001575},
	doi = {10.1016/j.jneumeth.2009.03.022},
	language = {en},
	number = {1},
	urldate = {2014-09-16},
	journal = {Journal of Neuroscience Methods},
	author = {Brinkmann, Benjamin H. and Bower, Mark R. and Stengel, Keith A. and Worrell, Gregory A. and Stead, Matt},
	month = may,
	year = {2009},
	pages = {185--192},
	file = {nihms106959.pdf:/home/akhambhati/.zotero/zotero/ogos7uvj.default/zotero/storage/34HCRCFG/nihms106959.pdf:application/pdf}
}

@article{lai_cortical_2007,
	title = {Cortical Activation Mapping of Epileptiform Activity Derived from Interictal {ECoG} Spikes},
	volume = {48},
	issn = {0013-9580, 1528-1167},
	url = {http://doi.wiley.com/10.1111/j.1528-1167.2006.00936.x},
	doi = {10.1111/j.1528-1167.2006.00936.x},
	number = {2},
	urldate = {2013-07-23},
	journal = {Epilepsia},
	author = {Lai, Yuan and van Drongelen, Wim and Hecox, Kurt and Frim, David and Kohrman, Michael and He, Bin},
	month = feb,
	year = {2007},
	pages = {305--314},
	file = {Lai et al. - 2007 - Cortical Activation Mapping of Epileptiform Activi.pdf:/home/akhambhati/.zotero/zotero/ogos7uvj.default/zotero/storage/WTGPRUER/Lai et al. - 2007 - Cortical Activation Mapping of Epileptiform Activi.pdf:application/pdf}
}

@article{sole-ribalta_spectral_2013,
	title = {Spectral properties of the Laplacian of multiplex networks},
	volume = {88},
	url = {http://pre.aps.org/abstract/PRE/v88/i3/e032807},
	number = {3},
	urldate = {2013-10-31},
	journal = {Physical Review E},
	author = {Sole-Ribalta, Albert and De Domenico, Manlio and Kouvaris, Nikos E. and Diaz-Guilera, Albert and Gomez, Sergio and Arenas, Alex},
	year = {2013},
	pages = {032807},
	file = {Sole-Ribalta et al. - 2013 - Spectral properties of the Laplacian of multiplex .pdf:/home/akhambhati/.zotero/zotero/ogos7uvj.default/zotero/storage/5MPA3PU8/Sole-Ribalta et al. - 2013 - Spectral properties of the Laplacian of multiplex .pdf:application/pdf}
}

@article{fortunato_resolution_2007,
	title = {Resolution limit in community detection},
	volume = {104},
	url = {http://www.pnas.org/content/104/1/36.short},
	number = {1},
	urldate = {2014-06-24},
	journal = {Proceedings of the National Academy of Sciences},
	author = {Fortunato, Santo and Barthelemy, Marc},
	year = {2007},
	pages = {36--41},
	file = {PNAS-2007-Fortunato-36-41.pdf:/home/akhambhati/.zotero/zotero/ogos7uvj.default/zotero/storage/DQ4827XU/PNAS-2007-Fortunato-36-41.pdf:application/pdf}
}

@article{bassett_adaptive_2006,
	title = {Adaptive reconfiguration of fractal small-world human brain functional networks},
	volume = {103},
	url = {http://www.pnas.org/content/103/51/19518.short},
	number = {51},
	urldate = {2014-04-22},
	journal = {Proceedings of the National Academy of Sciences},
	author = {Bassett, Danielle S. and Meyer-Lindenberg, Andreas and Achard, Sophie and Duke, Thomas and Bullmore, Edward},
	year = {2006},
	pages = {19518--19523},
	file = {Bassett et al. - 2006 - Adaptive reconfiguration of fractal small-world hu.pdf:/home/akhambhati/.zotero/zotero/ogos7uvj.default/zotero/storage/DKCGEF85/Bassett et al. - 2006 - Adaptive reconfiguration of fractal small-world hu.pdf:application/pdf}
}

@article{chavez_functional_2010,
	title = {Functional Modularity of Background Activities in Normal and Epileptic Brain Networks},
	volume = {104},
	issn = {0031-9007, 1079-7114},
	url = {http://link.aps.org/doi/10.1103/PhysRevLett.104.118701},
	doi = {10.1103/PhysRevLett.104.118701},
	number = {11},
	urldate = {2014-01-16},
	journal = {Physical Review Letters},
	author = {Chavez, M. and Valencia, M. and Navarro, V. and Latora, V. and Martinerie, J.},
	month = mar,
	year = {2010},
	file = {PhysRevLett.104.118701.pdf:/home/akhambhati/.zotero/zotero/ogos7uvj.default/zotero/storage/7E7TI2A9/PhysRevLett.104.118701.pdf:application/pdf}
}

@article{bassett_conserved_2011,
	title = {Conserved and variable architecture of human white matter connectivity},
	volume = {54},
	issn = {10538119},
	url = {http://linkinghub.elsevier.com/retrieve/pii/S1053811910011778},
	doi = {10.1016/j.neuroimage.2010.09.006},
	number = {2},
	urldate = {2013-06-27},
	journal = {{NeuroImage}},
	author = {Bassett, Danielle S. and Brown, Jesse A. and Deshpande, Vibhas and Carlson, Jean M. and Grafton, Scott T.},
	month = jan,
	year = {2011},
	pages = {1262--1279},
	file = {Bassett et al. - 2011 - Conserved and variable architecture of human white.pdf:/home/akhambhati/.zotero/zotero/ogos7uvj.default/zotero/storage/E6FXMXU7/Bassett et al. - 2011 - Conserved and variable architecture of human white.pdf:application/pdf}
}

@article{brunel_dynamics_2000,
	title = {Dynamics of sparsely connected networks of excitatory and inhibitory spiking neurons},
	volume = {8},
	url = {http://link.springer.com/article/10.1023/A%3A1008925309027},
	number = {3},
	urldate = {2013-06-24},
	journal = {Journal of computational neuroscience},
	author = {Brunel, Nicolas},
	year = {2000},
	pages = {183--208},
	file = {Brunel - 2000 - Dynamics of sparsely connected networks of excitat.pdf:/home/akhambhati/.zotero/zotero/ogos7uvj.default/zotero/storage/XJH7ICQN/Brunel - 2000 - Dynamics of sparsely connected networks of excitat.pdf:application/pdf}
}

@article{linden_modeling_2011,
	title = {Modeling the Spatial Reach of the {LFP}},
	volume = {72},
	issn = {08966273},
	url = {http://linkinghub.elsevier.com/retrieve/pii/S0896627311010051},
	doi = {10.1016/j.neuron.2011.11.006},
	number = {5},
	urldate = {2013-06-24},
	journal = {Neuron},
	author = {Lindén, Henrik and Tetzlaff, Tom and Potjans, Tobias C. and Pettersen, Klas H. and Grün, Sonja and Diesmann, Markus and Einevoll, Gaute T.},
	month = dec,
	year = {2011},
	pages = {859--872},
	file = {Lindén et al. - 2011 - Modeling the Spatial Reach of the LFP.pdf:/home/akhambhati/.zotero/zotero/ogos7uvj.default/zotero/storage/XQKZBXIS/Lindén et al. - 2011 - Modeling the Spatial Reach of the LFP.pdf:application/pdf}
}

@article{viventi_flexible_2011,
	title = {Flexible, foldable, actively multiplexed, high-density electrode array for mapping brain activity in vivo},
	volume = {14},
	issn = {1097-6256, 1546-1726},
	url = {http://www.nature.com/doifinder/10.1038/nn.2973},
	doi = {10.1038/nn.2973},
	number = {12},
	urldate = {2014-06-16},
	journal = {Nature Neuroscience},
	author = {Viventi, Jonathan and Kim, Dae-Hyeong and Vigeland, Leif and Frechette, Eric S and Blanco, Justin A and Kim, Yun-Soung and Avrin, Andrew E and Tiruvadi, Vineet R and Hwang, Suk-Won and Vanleer, Ann C and Wulsin, Drausin F and Davis, Kathryn and Gelber, Casey E and Palmer, Larry and Van der Spiegel, Jan and Wu, Jian and Xiao, Jianliang and Huang, Yonggang and Contreras, Diego and Rogers, John A and Litt, Brian},
	month = nov,
	year = {2011},
	pages = {1599--1605},
	file = {nn.2973.pdf:/home/akhambhati/.zotero/zotero/ogos7uvj.default/zotero/storage/3ZEWFQIK/nn.2973.pdf:application/pdf}
}

@article{constable_potential_2013,
	title = {Potential Use and Challenges of Functional Connectivity Mapping in Intractable Epilepsy},
	volume = {4},
	issn = {1664-2295},
	url = {http://www.frontiersin.org/Journal/10.3389/fneur.2013.00039/full},
	doi = {10.3389/fneur.2013.00039},
	urldate = {2014-02-13},
	journal = {Frontiers in Neurology},
	author = {Constable, Robert Todd and Scheinost, Dustin and Finn, Emily S. and Shen, Xilin and Hampson, Michelle and Winstanley, F. Scott and Spencer, Dennis D. and Papademetris, Xenophon},
	year = {2013},
	file = {fneur-04-00039.pdf:/home/akhambhati/.zotero/zotero/ogos7uvj.default/zotero/storage/W7DMRA6Q/fneur-04-00039.pdf:application/pdf}
}

@article{newman_finding_2004,
	title = {Finding and evaluating community structure in networks},
	volume = {69},
	issn = {1539-3755, 1550-2376},
	url = {http://link.aps.org/doi/10.1103/PhysRevE.69.026113},
	doi = {10.1103/PhysRevE.69.026113},
	language = {en},
	number = {2},
	urldate = {2014-06-24},
	journal = {Physical Review E},
	author = {Newman, M. and Girvan, M.},
	month = feb,
	year = {2004},
	pages = {1--15},
	file = {PhysRevE.69.026113.pdf:/home/akhambhati/.zotero/zotero/ogos7uvj.default/zotero/storage/BTANSJWC/PhysRevE.69.026113.pdf:application/pdf}
}

@article{benjamini_control_2001-1,
	title = {The control of the false discovery rate in multiple testing under dependency},
	url = {http://www.jstor.org/stable/10.2307/2674075},
	urldate = {2013-08-27},
	journal = {Annals of statistics},
	author = {Benjamini, Yoav and Yekutieli, Daniel},
	year = {2001},
	pages = {1165--1188},
	file = {Benjamini and Yekutieli - 2001 - The control of the false discovery rate in multipl.pdf:/home/akhambhati/.zotero/zotero/ogos7uvj.default/zotero/storage/DXKG58WW/Benjamini and Yekutieli - 2001 - The control of the false discovery rate in multipl.pdf:application/pdf}
}

@article{bassett_task-based_2013,
	title = {Task-Based Core-Periphery Organization of Human Brain Dynamics},
	volume = {9},
	issn = {1553-7358},
	url = {http://dx.plos.org/10.1371/journal.pcbi.1003171},
	doi = {10.1371/journal.pcbi.1003171},
	number = {9},
	urldate = {2013-10-23},
	journal = {{PLoS} Computational Biology},
	author = {Bassett, Danielle S. and Wymbs, Nicholas F. and Rombach, M. Puck and Porter, Mason A. and Mucha, Peter J. and Grafton, Scott T.},
	editor = {Sporns, Olaf},
	month = sep,
	year = {2013},
	pages = {e1003171},
	file = {Bassett et al. - 2013 - Task-Based Core-Periphery Organization of Human Br.pdf:/home/akhambhati/.zotero/zotero/ogos7uvj.default/zotero/storage/N58I7RII/Bassett et al. - 2013 - Task-Based Core-Periphery Organization of Human Br.pdf:application/pdf}
}

@article{kori_evaluation_2013,
	title = {Evaluation of cerebral white-matter micro-structural alterations in patients with medically refractory epilepsy using diffusion tensor tractography},
	volume = {107},
	issn = {09201211},
	url = {http://linkinghub.elsevier.com/retrieve/pii/S0920121113002209},
	doi = {10.1016/j.eplepsyres.2013.08.015},
	number = {1-2},
	urldate = {2014-02-10},
	journal = {Epilepsy Research},
	author = {Kori, Prakash and Garg, Ravindra Kumar and Malhotra, Hardeep Singh and Gupta, Rakesh Kumar and Verma, Rajesh and Singh, Maneesh Kumar and Rathore, Ram Kishore Singh and Gupta, Pradeep Kumar},
	month = nov,
	year = {2013},
	pages = {82--90},
	file = {1-s2.0-S0920121113002209-main.pdf:/home/akhambhati/.zotero/zotero/ogos7uvj.default/zotero/storage/JTSPXRK2/1-s2.0-S0920121113002209-main.pdf:application/pdf}
}

@article{borgatti_models_2000,
	title = {Models of core/periphery structures},
	volume = {21},
	url = {http://www.sciencedirect.com/science/article/pii/S0378873399000192},
	number = {4},
	urldate = {2014-07-23},
	journal = {Social networks},
	author = {Borgatti, Stephen P. and Everett, Martin G.},
	year = {2000},
	pages = {375--395},
	file = {borgatti_-_models_of_core-periphery_structures-libre.pdf:/home/akhambhati/.zotero/zotero/ogos7uvj.default/zotero/storage/7MMSUI34/borgatti_-_models_of_core-periphery_structures-libre.pdf:application/pdf}
}

@article{gu_controllability_2014,
	title = {Controllability of Brain Networks},
	url = {http://arxiv.org/abs/1406.5197},
	urldate = {2014-07-11},
	journal = {{arXiv} preprint {arXiv}:1406.5197},
	author = {Gu, Shi and Pasqualetti, Fabio and Cieslak, Matthew and Grafton, Scott T. and Bassett, Danielle S.},
	year = {2014},
	file = {1406.5197v1.pdf:/home/akhambhati/.zotero/zotero/ogos7uvj.default/zotero/storage/KQQHEQSD/1406.5197v1.pdf:application/pdf}
}

@article{holme_temporal_2012,
	title = {Temporal networks},
	volume = {519},
	url = {http://www.sciencedirect.com/science/article/pii/S0370157312000841},
	number = {3},
	urldate = {2014-06-24},
	journal = {Physics reports},
	author = {Holme, Petter and Saramäki, Jari},
	year = {2012},
	pages = {97--125},
	file = {1108.1780v2.pdf:/home/akhambhati/.zotero/zotero/ogos7uvj.default/zotero/storage/MKVP7UWT/1108.1780v2.pdf:application/pdf}
}

@article{almendral_dynamical_2007,
	title = {Dynamical and spectral properties of complex networks},
	volume = {9},
	issn = {1367-2630},
	url = {http://stacks.iop.org/1367-2630/9/i=6/a=187?key=crossref.0a91ce6dc18bce67dc60da5029280fc7},
	doi = {10.1088/1367-2630/9/6/187},
	number = {6},
	urldate = {2013-10-31},
	journal = {New Journal of Physics},
	author = {Almendral, Juan A and Díaz-Guilera, Albert},
	month = jun,
	year = {2007},
	pages = {187--187},
	file = {Almendral and Díaz-Guilera - 2007 - Dynamical and spectral properties of complex netwo.pdf:/home/akhambhati/.zotero/zotero/ogos7uvj.default/zotero/storage/4UISPRHH/Almendral and Díaz-Guilera - 2007 - Dynamical and spectral properties of complex netwo.pdf:application/pdf}
}

@article{zhang_altered_2011,
	title = {Altered functional-structural coupling of large-scale brain networks in idiopathic generalized epilepsy},
	volume = {134},
	issn = {0006-8950, 1460-2156},
	url = {http://www.brain.oxfordjournals.org/cgi/doi/10.1093/brain/awr223},
	doi = {10.1093/brain/awr223},
	number = {10},
	urldate = {2014-01-16},
	journal = {Brain},
	author = {Zhang, Z. and Liao, W. and Chen, H. and Mantini, D. and Ding, J.-R. and Xu, Q. and Wang, Z. and Yuan, C. and Chen, G. and Jiao, Q. and Lu, G.},
	month = oct,
	year = {2011},
	pages = {2912--2928},
	file = {Brain-2011-Zhang-2912-28.pdf:/home/akhambhati/.zotero/zotero/ogos7uvj.default/zotero/storage/TMXGISZ2/Brain-2011-Zhang-2912-28.pdf:application/pdf}
}

@article{alarcon_origin_1997,
	title = {Origin and propagation of interictal discharges in the acute electrocorticogram. Implications for pathophysiology and surgical treatment of temporal lobe epilepsy.},
	volume = {120},
	url = {http://brain.oxfordjournals.org/content/120/12/2259.short},
	number = {12},
	urldate = {2013-07-23},
	journal = {Brain},
	author = {Alarcon, G. and Seoane, JJ Garcia and Binnie, C. D. and Miguel, MC Martin and Juler, J. and Polkey, C. E. and Elwes, R. D. and Blasco, JM Ortiz},
	year = {1997},
	pages = {2259--2282},
	file = {Alarcon et al. - 1997 - Origin and propagation of interictal discharges in.pdf:/home/akhambhati/.zotero/zotero/ogos7uvj.default/zotero/storage/QDG48PI7/Alarcon et al. - 1997 - Origin and propagation of interictal discharges in.pdf:application/pdf}
}

@article{richardson_large_2012,
	title = {Large scale brain models of epilepsy: dynamics meets connectomics},
	volume = {83},
	issn = {0022-3050},
	shorttitle = {Large scale brain models of epilepsy},
	url = {http://jnnp.bmj.com/cgi/doi/10.1136/jnnp-2011-301944},
	doi = {10.1136/jnnp-2011-301944},
	number = {12},
	urldate = {2013-06-26},
	journal = {Journal of Neurology, Neurosurgery \& Psychiatry},
	author = {Richardson, M. P.},
	month = aug,
	year = {2012},
	pages = {1238--1248},
	file = {Richardson - 2012 - Large scale brain models of epilepsy dynamics mee.pdf:/home/akhambhati/.zotero/zotero/ogos7uvj.default/zotero/storage/F9WBGJX8/Richardson - 2012 - Large scale brain models of epilepsy dynamics mee.pdf:application/pdf}
}

@article{ortega_synchronization_2008,
	title = {Synchronization Clusters of Interictal Activity in the Lateral Temporal Cortex of Epileptic Patients: Intraoperative Electrocorticographic Analysis},
	volume = {49},
	issn = {0013-9580, 1528-1167},
	shorttitle = {Synchronization Clusters of Interictal Activity in the Lateral Temporal Cortex of Epileptic Patients},
	url = {http://doi.wiley.com/10.1111/j.1528-1167.2007.01266.x},
	doi = {10.1111/j.1528-1167.2007.01266.x},
	number = {2},
	urldate = {2014-02-22},
	journal = {Epilepsia},
	author = {Ortega, Guillermo J. and Menendez de la Prida, Liset and Sola, Rafael G. and Pastor, Jesus},
	month = feb,
	year = {2008},
	pages = {269--280},
	file = {j.1528-1167.2007.01266.x.pdf:/home/akhambhati/.zotero/zotero/ogos7uvj.default/zotero/storage/C2MB9M3Z/j.1528-1167.2007.01266.x.pdf:application/pdf}
}

@article{van_diessen_are_2013,
	title = {Are high frequency oscillations associated with altered network topology in partial epilepsy?},
	url = {http://www.sciencedirect.com/science/article/pii/S105381191300668X},
	urldate = {2013-06-26},
	journal = {{NeuroImage}},
	author = {van Diessen, Eric and Hanemaaijer, Judith I. and Otte, Willem M. and Zelmann, Rina and Jacobs, Julia and Jansen, Floor E. and Dubeau, Francois and Stam, Cornelis J. and Gotman, Jean and Zijlmans, Maeike},
	year = {2013},
	file = {van Diessen et al. - 2013 - Are high frequency oscillations associated with al.pdf:/home/akhambhati/.zotero/zotero/ogos7uvj.default/zotero/storage/4BCD7JBB/van Diessen et al. - 2013 - Are high frequency oscillations associated with al.pdf:application/pdf}
}

@article{engel_connectomics_2013,
	title = {Connectomics and epilepsy},
	volume = {26},
	issn = {1350-7540},
	url = {http://content.wkhealth.com/linkback/openurl?sid=WKPTLP:landingpage&an=00019052-201304000-00013},
	doi = {10.1097/WCO.0b013e32835ee5b8},
	number = {2},
	urldate = {2013-06-26},
	journal = {Current Opinion in Neurology},
	author = {Engel, Jerome and Jr. and Thompson, Paul M. and Stern, John M. and Staba, Richard J. and Bragin, Anatol and Mody, Istvan},
	month = apr,
	year = {2013},
	pages = {186--194},
	file = {Engel et al. - 2013 - Connectomics and epilepsy.pdf:/home/akhambhati/.zotero/zotero/ogos7uvj.default/zotero/storage/3JGRMT6F/Engel et al. - 2013 - Connectomics and epilepsy.pdf:application/pdf}
}

@article{kwan_early_2000,
	title = {Early identification of refractory epilepsy},
	volume = {342},
	url = {http://www.nejm.org/doi/full/10.1056/NEJM200002033420503},
	number = {5},
	urldate = {2014-09-08},
	journal = {New England Journal of Medicine},
	author = {Kwan, Patrick and Brodie, Martin J.},
	year = {2000},
	pages = {314--319},
	file = {nejm200002033420503.pdf:/home/akhambhati/.zotero/zotero/ogos7uvj.default/zotero/storage/8ZDNP6D7/nejm200002033420503.pdf:application/pdf}
}

@article{monto_epileptogenic_2007,
	title = {Epileptogenic Neocortical Networks Are Revealed by Abnormal Temporal Dynamics in Seizure-Free Subdural {EEG}},
	volume = {17},
	issn = {1047-3211, 1460-2199},
	url = {http://www.cercor.oxfordjournals.org/cgi/doi/10.1093/cercor/bhl049},
	doi = {10.1093/cercor/bhl049},
	language = {en},
	number = {6},
	urldate = {2014-08-07},
	journal = {Cerebral Cortex},
	author = {Monto, S. and Vanhatalo, S. and Holmes, M. D. and Palva, J. M.},
	month = jun,
	year = {2007},
	pages = {1386--1393},
	file = {Cereb. Cortex-2007-Monto-1386-93.pdf:/home/akhambhati/.zotero/zotero/ogos7uvj.default/zotero/storage/4VQIFRPD/Cereb. Cortex-2007-Monto-1386-93.pdf:application/pdf}
}

@article{david_probabilistic_2013,
	title = {Probabilistic functional tractography of the human cortex},
	volume = {80},
	issn = {10538119},
	url = {http://linkinghub.elsevier.com/retrieve/pii/S1053811913005752},
	doi = {10.1016/j.neuroimage.2013.05.075},
	urldate = {2014-02-10},
	journal = {{NeuroImage}},
	author = {David, Olivier and Job, Anne-Sophie and De Palma, Luca and Hoffmann, Dominique and Minotti, Lorella and Kahane, Philippe},
	month = oct,
	year = {2013},
	pages = {307--317},
	file = {1-s2.0-S1053811913005752-main.pdf:/home/akhambhati/.zotero/zotero/ogos7uvj.default/zotero/storage/J52TWX69/1-s2.0-S1053811913005752-main.pdf:application/pdf}
}

@inproceedings{wagenaar_multimodal_2013,
	title = {A multimodal platform for cloud-based collaborative research},
	url = {http://ieeexplore.ieee.org/xpls/abs_all.jsp?arnumber=6696201},
	urldate = {2014-07-03},
	booktitle = {Neural Engineering ({NER}), 2013 6th International {IEEE}/{EMBS} Conference},
	publisher = {{IEEE}},
	author = {Wagenaar, Joost B. and Brinkmann, Benjamin H. and Ives, Zachary and Worrell, Gregory A. and Litt, Brian},
	year = {2013},
	pages = {1386--1389},
	file = {06696201.pdf:/home/akhambhati/.zotero/zotero/ogos7uvj.default/zotero/storage/XA5PQ7KA/06696201.pdf:application/pdf}
}

@article{bassett_hierarchical_2008,
	title = {Hierarchical Organization of Human Cortical Networks in Health and Schizophrenia},
	volume = {28},
	issn = {0270-6474, 1529-2401},
	url = {http://www.jneurosci.org/cgi/doi/10.1523/JNEUROSCI.1929-08.2008},
	doi = {10.1523/JNEUROSCI.1929-08.2008},
	number = {37},
	urldate = {2013-06-24},
	journal = {Journal of Neuroscience},
	author = {Bassett, D. S. and Bullmore, E. and Verchinski, B. A. and Mattay, V. S. and Weinberger, D. R. and Meyer-Lindenberg, A.},
	month = sep,
	year = {2008},
	pages = {9239--9248},
	file = {Bassett et al. - 2008 - Hierarchical Organization of Human Cortical Networ.pdf:/home/akhambhati/.zotero/zotero/ogos7uvj.default/zotero/storage/JN6QZC2H/Bassett et al. - 2008 - Hierarchical Organization of Human Cortical Networ.pdf:application/pdf}
}

@phdthesis{kvedalen_signal_2003,
	title = {Signal processing using the Teager energy operator and other nonlinear operators},
	url = {http://folk.uio.no/eivindkv/ek-thesis-2003-05-12-final-2.pdf},
	urldate = {2013-07-23},
	author = {Kvedalen, Eivind},
	year = {2003},
	file = {Kvedalen - 2003 - Signal processing using the Teager energy operator.pdf:/home/akhambhati/.zotero/zotero/ogos7uvj.default/zotero/storage/D7BCG4VE/Kvedalen - 2003 - Signal processing using the Teager energy operator.pdf:application/pdf}
}

@article{__????
}

@article{enatsu_cortical_2012,
	title = {Cortical excitability varies upon ictal onset patterns in neocortical epilepsy: A cortico-cortical evoked potential study},
	volume = {123},
	issn = {13882457},
	shorttitle = {Cortical excitability varies upon ictal onset patterns in neocortical epilepsy},
	url = {http://linkinghub.elsevier.com/retrieve/pii/S1388245711004639},
	doi = {10.1016/j.clinph.2011.06.030},
	number = {2},
	urldate = {2013-07-08},
	journal = {Clinical Neurophysiology},
	author = {Enatsu, Rei and Piao, Zhe and O’Connor, Timothy and Horning, Karl and Mosher, John and Burgess, Richard and Bingaman, William and Nair, Dileep},
	month = feb,
	year = {2012},
	pages = {252--260},
	file = {Enatsu et al. - 2012 - Cortical excitability varies upon ictal onset patt.pdf:/home/akhambhati/.zotero/zotero/ogos7uvj.default/zotero/storage/4BWQRX7A/Enatsu et al. - 2012 - Cortical excitability varies upon ictal onset patt.pdf:application/pdf}
}

@article{weaver_local_2013,
	title = {Local Functional Connectivity as a Pre-Surgical Tool for Seizure Focus Identification in Non-Lesion, Focal Epilepsy},
	volume = {4},
	issn = {1664-2295},
	url = {http://www.frontiersin.org/Journal/10.3389/fneur.2013.00043/full},
	doi = {10.3389/fneur.2013.00043},
	urldate = {2014-07-14},
	journal = {Frontiers in Neurology},
	author = {Weaver, K. E. and Chaovalitwongse, W. A. and Novotny, E. J. and Poliakov, A. and Grabowski, T. G. and Ojemann, J. G.},
	year = {2013},
	file = {fneur-04-00043.pdf:/home/akhambhati/.zotero/zotero/ogos7uvj.default/zotero/storage/NBHG3USE/fneur-04-00043.pdf:application/pdf}
}

@article{potjans_cell-type_2012,
	title = {The Cell-Type Specific Cortical Microcircuit: Relating Structure and Activity in a Full-Scale Spiking Network Model},
	issn = {1047-3211, 1460-2199},
	shorttitle = {The Cell-Type Specific Cortical Microcircuit},
	url = {http://www.cercor.oxfordjournals.org/cgi/doi/10.1093/cercor/bhs358},
	doi = {10.1093/cercor/bhs358},
	urldate = {2013-06-24},
	journal = {Cerebral Cortex},
	author = {Potjans, T. C. and Diesmann, M.},
	month = dec,
	year = {2012},
	file = {Potjans and Diesmann - 2012 - The Cell-Type Specific Cortical Microcircuit Rela.pdf:/home/akhambhati/.zotero/zotero/ogos7uvj.default/zotero/storage/4BSR6AXB/Potjans and Diesmann - 2012 - The Cell-Type Specific Cortical Microcircuit Rela.pdf:application/pdf;Potjans and Diesmann - 2012 - The Cell-Type Specific Cortical Microcircuit Rela.pdf:/home/akhambhati/.zotero/zotero/ogos7uvj.default/zotero/storage/PEHRARXB/Potjans and Diesmann - 2012 - The Cell-Type Specific Cortical Microcircuit Rela.pdf:application/pdf}
}

@article{panzica_identification_2013,
	title = {Identification of the Epileptogenic Zone from Stereo-{EEG} Signals: A Connectivity-Graph Theory Approach},
	volume = {4},
	issn = {1664-2295},
	shorttitle = {Identification of the Epileptogenic Zone from Stereo-{EEG} Signals},
	url = {http://www.frontiersin.org/Journal/10.3389/fneur.2013.00175/full},
	doi = {10.3389/fneur.2013.00175},
	urldate = {2014-07-14},
	journal = {Frontiers in Neurology},
	author = {Panzica, Ferruccio and Varotto, Giulia and Rotondi, Fabio and Spreafico, Roberto and Franceschetti, Silvana},
	year = {2013},
	file = {fneur-04-00175.pdf:/home/akhambhati/.zotero/zotero/ogos7uvj.default/zotero/storage/B8K6AFUN/fneur-04-00175.pdf:application/pdf}
}

@article{matsumoto_functional_2004,
	title = {Functional connectivity in the human language system: a cortico-cortical evoked potential study},
	volume = {127},
	issn = {1460-2156},
	shorttitle = {Functional connectivity in the human language system},
	url = {http://www.brain.oupjournals.org/cgi/doi/10.1093/brain/awh246},
	doi = {10.1093/brain/awh246},
	number = {10},
	urldate = {2013-07-08},
	journal = {Brain},
	author = {Matsumoto, R.},
	month = sep,
	year = {2004},
	pages = {2316--2330},
	file = {Matsumoto - 2004 - Functional connectivity in the human language syst.pdf:/home/akhambhati/.zotero/zotero/ogos7uvj.default/zotero/storage/RPVAR8PP/Matsumoto - 2004 - Functional connectivity in the human language syst.pdf:application/pdf}
}

@article{ortega_imbalance_2010-1,
	title = {Imbalance of community structures in epilepsy},
	volume = {246},
	issn = {1742-6596},
	url = {http://stacks.iop.org/1742-6596/246/i=1/a=012036?key=crossref.da49ce0648bbd4efdf1ebc7b080fe03a},
	doi = {10.1088/1742-6596/246/1/012036},
	urldate = {2014-01-16},
	journal = {Journal of Physics: Conference Series},
	author = {Ortega, G J and Peco, I Herrera and Sola, R García de and Pastor, J},
	month = sep,
	year = {2010},
	pages = {012036},
	file = {Ortega et al. - 2010 - Imbalance of community structures in epilepsy.pdf:/home/akhambhati/.zotero/zotero/ogos7uvj.default/zotero/storage/CDVXQKX4/Ortega et al. - 2010 - Imbalance of community structures in epilepsy.pdf:application/pdf}
}

@article{hamandi_combined_2008-1,
	title = {Combined {EEG}-{fMRI} and tractography to visualise propagation of epileptic activity},
	volume = {79},
	issn = {0022-3050},
	url = {http://jnnp.bmj.com/cgi/doi/10.1136/jnnp.2007.125401},
	doi = {10.1136/jnnp.2007.125401},
	number = {5},
	urldate = {2014-02-10},
	journal = {Journal of Neurology, Neurosurgery \& Psychiatry},
	author = {Hamandi, K and Powell, H W R and Laufs, H and Symms, M R and Barker, G J and Parker, G J M and Lemieux, L and Duncan, J S},
	month = may,
	year = {2008},
	pages = {594--597},
	file = {JNN-79-05-0594.pdf:/home/akhambhati/.zotero/zotero/ogos7uvj.default/zotero/storage/2IRMV6SA/JNN-79-05-0594.pdf:application/pdf}
}

@article{rombach_core-periphery_2012,
	title = {Core-periphery structure in networks},
	url = {http://arxiv.org/abs/1202.2684},
	urldate = {2014-01-30},
	journal = {{arXiv} preprint {arXiv}:1202.2684},
	author = {Rombach, M. Puck and Porter, Mason A. and Fowler, James H. and Mucha, Peter J.},
	year = {2012},
	file = {1202.2684.pdf:/home/akhambhati/.zotero/zotero/ogos7uvj.default/zotero/storage/FIN6FQHD/1202.2684.pdf:application/pdf}
}

@article{bassett_dynamic_2011,
	title = {Dynamic reconfiguration of human brain networks during learning},
	volume = {108},
	url = {http://www.pnas.org/content/108/18/7641.short},
	number = {18},
	urldate = {2013-08-02},
	journal = {Proceedings of the National Academy of Sciences},
	author = {Bassett, Danielle S. and Wymbs, Nicholas F. and Porter, Mason A. and Mucha, Peter J. and Carlson, Jean M. and Grafton, Scott T.},
	year = {2011},
	pages = {7641--7646},
	file = {Bassett et al. - 2011 - Dynamic reconfiguration of human brain networks du.pdf:/home/akhambhati/.zotero/zotero/ogos7uvj.default/zotero/storage/T9N9QDVB/Bassett et al. - 2011 - Dynamic reconfiguration of human brain networks du.pdf:application/pdf}
}

@article{rossa_profiling_2013,
	title = {Profiling core-periphery network structure by random walkers},
	volume = {3},
	issn = {2045-2322},
	url = {http://www.nature.com/doifinder/10.1038/srep01467},
	doi = {10.1038/srep01467},
	urldate = {2014-07-23},
	journal = {Scientific Reports},
	author = {Rossa, Fabio Della and Dercole, Fabio and Piccardi, Carlo},
	month = mar,
	year = {2013},
	file = {srep01467.pdf:/home/akhambhati/.zotero/zotero/ogos7uvj.default/zotero/storage/GPRN5TDQ/srep01467.pdf:application/pdf}
}

@article{huang_empirical_1998,
	title = {The empirical mode decomposition and the Hilbert spectrum for nonlinear and non-stationary time series analysis},
	volume = {454},
	url = {http://rspa.royalsocietypublishing.org/content/454/1971/903.short},
	number = {1971},
	urldate = {2013-07-09},
	journal = {Proceedings of the Royal Society of London. Series A: Mathematical, Physical and Engineering Sciences},
	author = {Huang, Norden E. and Shen, Zheng and Long, Steven R. and Wu, Manli C. and Shih, Hsing H. and Zheng, Quanan and Yen, Nai-Chyuan and Tung, Chi Chao and Liu, Henry H.},
	year = {1998},
	pages = {903--995},
	file = {Huang et al. - 1998 - The empirical mode decomposition and the Hilbert s.pdf:/home/akhambhati/.zotero/zotero/ogos7uvj.default/zotero/storage/UKNQXIH5/Huang et al. - 1998 - The empirical mode decomposition and the Hilbert s.pdf:application/pdf}
}

@article{de_domenico_mathematical_2013,
	title = {Mathematical Formulation of Multi-Layer Networks},
	url = {http://arxiv.org/abs/1307.4977},
	urldate = {2013-09-25},
	journal = {{arXiv} preprint {arXiv}:1307.4977},
	author = {De Domenico, Manlio and Solè-Ribalta, Albert and Cozzo, Emanuele and Kivelä, Mikko and Moreno, Yamir and Porter, Mason A. and Gòmez, Sergio and Arenas, Alex},
	year = {2013},
	file = {De Domenico et al. - 2013 - Mathematical Formulation of Multi-Layer Networks.pdf:/home/akhambhati/.zotero/zotero/ogos7uvj.default/zotero/storage/6NKE3G6F/De Domenico et al. - 2013 - Mathematical Formulation of Multi-Layer Networks.pdf:application/pdf}
}

@article{van_dellen_long-term_2009-1,
	title = {Long-Term Effects of Temporal Lobe Epilepsy on Local Neural Networks: A Graph Theoretical Analysis of Corticography Recordings},
	volume = {4},
	issn = {1932-6203},
	shorttitle = {Long-Term Effects of Temporal Lobe Epilepsy on Local Neural Networks},
	url = {http://dx.plos.org/10.1371/journal.pone.0008081},
	doi = {10.1371/journal.pone.0008081},
	number = {11},
	urldate = {2014-02-22},
	journal = {{PLoS} {ONE}},
	author = {van Dellen, Edwin and Douw, Linda and Baayen, Johannes C. and Heimans, Jan J. and Ponten, Sophie C. and Vandertop, W. Peter and Velis, Demetrios N. and Stam, Cornelis J. and Reijneveld, Jaap C.},
	editor = {Sporns, Olaf},
	month = nov,
	year = {2009},
	pages = {e8081},
	file = {journal.pone.0008081.pdf:/home/akhambhati/.zotero/zotero/ogos7uvj.default/zotero/storage/U6XPUP3D/journal.pone.0008081.pdf:application/pdf}
}

@article{bernhardt_imaging_2013,
	title = {Imaging structural and functional brain networks in temporal lobe epilepsy},
	volume = {7},
	issn = {1662-5161},
	url = {http://www.frontiersin.org/Human_Neuroscience/10.3389/fnhum.2013.00624/abstract},
	doi = {10.3389/fnhum.2013.00624},
	urldate = {2013-10-23},
	journal = {Frontiers in Human Neuroscience},
	author = {Bernhardt, Boris C. and Hong, SeokJun and Bernasconi, Andrea and Bernasconi, Neda},
	year = {2013},
	file = {Bernhardt et al. - 2013 - Imaging structural and functional brain networks i.pdf:/home/akhambhati/.zotero/zotero/ogos7uvj.default/zotero/storage/N9BRTAAV/Bernhardt et al. - 2013 - Imaging structural and functional brain networks i.pdf:application/pdf}
}

@article{wendling_epileptic_2003,
	title = {Epileptic fast intracerebral {EEG} activity: evidence for spatial decorrelation at seizure onset},
	volume = {126},
	issn = {14602156},
	shorttitle = {Epileptic fast intracerebral {EEG} activity},
	url = {http://www.brain.oupjournals.org/cgi/doi/10.1093/brain/awg144},
	doi = {10.1093/brain/awg144},
	number = {6},
	urldate = {2014-06-27},
	journal = {Brain},
	author = {Wendling, F.},
	month = jun,
	year = {2003},
	pages = {1449--1459},
	file = {Brain-2003-Wendling-1449-59.pdf:/home/akhambhati/.zotero/zotero/ogos7uvj.default/zotero/storage/7KJ5AKAA/Brain-2003-Wendling-1449-59.pdf:application/pdf}
}

@article{schneidman_weak_2006,
	title = {Weak pairwise correlations imply strongly correlated network states in a neural population},
	volume = {440},
	issn = {0028-0836, 1476-4679},
	url = {http://www.nature.com/doifinder/10.1038/nature04701},
	doi = {10.1038/nature04701},
	number = {7087},
	urldate = {2013-09-04},
	journal = {Nature},
	author = {Schneidman, Elad and Berry, Michael J. and Segev, Ronen and Bialek, William},
	month = apr,
	year = {2006},
	pages = {1007--1012},
	file = {Schneidman et al. - 2006 - Weak pairwise correlations imply strongly correlat.pdf:/home/akhambhati/.zotero/zotero/ogos7uvj.default/zotero/storage/I324EH8M/Schneidman et al. - 2006 - Weak pairwise correlations imply strongly correlat.pdf:application/pdf}
}

@article{ibrahim_neocortical_2013,
	title = {Neocortical pathological high-frequency oscillations are associated with frequency-dependent alterations in functional network topology},
	volume = {110},
	issn = {0022-3077, 1522-1598},
	url = {http://jn.physiology.org/cgi/doi/10.1152/jn.00034.2013},
	doi = {10.1152/jn.00034.2013},
	language = {en},
	number = {10},
	urldate = {2014-08-20},
	journal = {Journal of Neurophysiology},
	author = {Ibrahim, G. M. and Anderson, R. and Akiyama, T. and Ochi, A. and Otsubo, H. and Singh-Cadieux, G. and Donner, E. and Rutka, J. T. and Snead, O. C. and Doesburg, S. M.},
	month = nov,
	year = {2013},
	pages = {2475--2483},
	file = {2475.full.pdf:/home/akhambhati/.zotero/zotero/ogos7uvj.default/zotero/storage/S8QGJA2X/2475.full.pdf:application/pdf}
}

@article{otte_characterization_2012,
	title = {Characterization of Functional and Structural Integrity in Experimental Focal Epilepsy: Reduced Network Efficiency Coincides with White Matter Changes},
	volume = {7},
	issn = {1932-6203},
	shorttitle = {Characterization of Functional and Structural Integrity in Experimental Focal Epilepsy},
	url = {http://dx.plos.org/10.1371/journal.pone.0039078},
	doi = {10.1371/journal.pone.0039078},
	number = {7},
	urldate = {2014-01-30},
	journal = {{PLoS} {ONE}},
	author = {Otte, Willem M. and Dijkhuizen, Rick M. and van Meer, Maurits P. A. and van der Hel, Wilhelmina S. and Verlinde, Suzanne A. M. W. and van Nieuwenhuizen, Onno and Viergever, Max A. and Stam, Cornelis J. and Braun, Kees P.J.},
	editor = {Chang, Alice Y. W.},
	month = jul,
	year = {2012},
	pages = {e39078},
	file = {journal.pone.0039078 (1).pdf:/home/akhambhati/.zotero/zotero/ogos7uvj.default/zotero/storage/T57E6TGK/journal.pone.0039078 (1).pdf:application/pdf}
}

@inproceedings{van_der_hoeven_truncated_2004,
	title = {The truncated Fourier transform and applications},
	url = {http://dl.acm.org/citation.cfm?id=1005327},
	urldate = {2013-08-08},
	booktitle = {Proceedings of the 2004 international symposium on Symbolic and algebraic computation},
	author = {van der Hoeven, Joris},
	year = {2004},
	pages = {290--296},
	file = {van der Hoeven - 2004 - The truncated Fourier transform and applications.pdf:/home/akhambhati/.zotero/zotero/ogos7uvj.default/zotero/storage/BCMUTN44/van der Hoeven - 2004 - The truncated Fourier transform and applications.pdf:application/pdf}
}

@article{ercsey-ravasz_predictive_2013,
	title = {A Predictive Network Model of Cerebral Cortical Connectivity Based on a Distance Rule},
	volume = {80},
	issn = {08966273},
	url = {http://linkinghub.elsevier.com/retrieve/pii/S0896627313006600},
	doi = {10.1016/j.neuron.2013.07.036},
	language = {en},
	number = {1},
	urldate = {2014-05-20},
	journal = {Neuron},
	author = {Ercsey-Ravasz, Mária and Markov, Nikola T. and Lamy, Camille and Van Essen, David C. and Knoblauch, Kenneth and Toroczkai, Zoltán and Kennedy, Henry},
	month = oct,
	year = {2013},
	pages = {184--197},
	file = {Ercsey-Ravasz 2013 Distance rule.pdf:/home/akhambhati/.zotero/zotero/ogos7uvj.default/zotero/storage/N7FNC9MV/Ercsey-Ravasz 2013 Distance rule.pdf:application/pdf}
}

@article{lin_dynamic_2009,
	title = {Dynamic Granger-Geweke causality modeling with application to interictal spike propagation},
	volume = {30},
	issn = {10659471, 10970193},
	url = {http://doi.wiley.com/10.1002/hbm.20772},
	doi = {10.1002/hbm.20772},
	number = {6},
	urldate = {2013-07-08},
	journal = {Human Brain Mapping},
	author = {Lin, Fa-Hsuan and Hara, Keiko and Solo, Victor and Vangel, Mark and Belliveau, John W. and Stufflebeam, Steven M. and Hämäläinen, Matti S.},
	month = jun,
	year = {2009},
	pages = {1877--1886},
	file = {Lin et al. - 2009 - Dynamic Granger-Geweke causality modeling with app.pdf:/home/akhambhati/.zotero/zotero/ogos7uvj.default/zotero/storage/V8HG76B8/Lin et al. - 2009 - Dynamic Granger-Geweke causality modeling with app.pdf:application/pdf}
}

@article{genovese_thresholding_2002,
	title = {Thresholding of Statistical Maps in Functional Neuroimaging Using the False Discovery Rate☆},
	volume = {15},
	issn = {10538119},
	url = {http://linkinghub.elsevier.com/retrieve/pii/S1053811901910377},
	doi = {10.1006/nimg.2001.1037},
	number = {4},
	urldate = {2013-08-27},
	journal = {{NeuroImage}},
	author = {Genovese, Christopher R. and Lazar, Nicole A. and Nichols, Thomas},
	month = apr,
	year = {2002},
	pages = {870--878},
	file = {Genovese et al. - 2002 - Thresholding of Statistical Maps in Functional Neu.pdf:/home/akhambhati/.zotero/zotero/ogos7uvj.default/zotero/storage/IPDKMHU4/Genovese et al. - 2002 - Thresholding of Statistical Maps in Functional Neu.pdf:application/pdf}
}

@article{leonardi_principal_2013,
	title = {Principal components of functional connectivity: A new approach to study dynamic brain connectivity during rest},
	volume = {83},
	issn = {10538119},
	shorttitle = {Principal components of functional connectivity},
	url = {http://linkinghub.elsevier.com/retrieve/pii/S105381191300774X},
	doi = {10.1016/j.neuroimage.2013.07.019},
	language = {en},
	urldate = {2014-09-21},
	journal = {{NeuroImage}},
	author = {Leonardi, Nora and Richiardi, Jonas and Gschwind, Markus and Simioni, Samanta and Annoni, Jean-Marie and Schluep, Myriam and Vuilleumier, Patrik and Van De Ville, Dimitri},
	month = dec,
	year = {2013},
	pages = {937--950},
	file = {1-s2.0-S105381191300774X-main.pdf:/home/akhambhati/.zotero/zotero/ogos7uvj.default/zotero/storage/CFBMFM94/1-s2.0-S105381191300774X-main.pdf:application/pdf}
}

@article{wu_removing_2010,
	title = {Removing interictal fast ripples on electrocorticography linked with seizure freedom in children},
	volume = {75},
	url = {http://www.neurology.org/content/75/19/1686.short},
	number = {19},
	urldate = {2014-09-30},
	journal = {Neurology},
	author = {Wu, J. Y. and Sankar, R. and Lerner, J. T. and Matsumoto, J. H. and Vinters, H. V. and Mathern, G. W.},
	year = {2010},
	pages = {1686--1694},
	file = {8167.pdf:/home/akhambhati/.zotero/zotero/ogos7uvj.default/zotero/storage/QMCNGARV/8167.pdf:application/pdf}
}

@article{mucha_community_2010,
	title = {Community Structure in Time-Dependent, Multiscale, and Multiplex Networks},
	volume = {328},
	issn = {0036-8075, 1095-9203},
	url = {http://www.sciencemag.org/cgi/doi/10.1126/science.1184819},
	doi = {10.1126/science.1184819},
	urldate = {2013-09-23},
	journal = {Science},
	author = {Mucha, P. J. and Richardson, T. and Macon, K. and Porter, M. A. and Onnela, J.-P.},
	month = may,
	year = {2010},
	pages = {876--878},
	file = {Mucha et al. - 2010 - Community Structure in Time-Dependent, Multiscale,.pdf:/home/akhambhati/.zotero/zotero/ogos7uvj.default/zotero/storage/S7UZCPKR/Mucha et al. - 2010 - Community Structure in Time-Dependent, Multiscale,.pdf:application/pdf;Mucha.SOM.FINAL.REVISE.pdf:/home/akhambhati/.zotero/zotero/ogos7uvj.default/zotero/storage/GE2U9R7M/Mucha.SOM.FINAL.REVISE.pdf:application/pdf}
}

@article{kuhn_hungarian_2005,
	title = {The Hungarian method for the assignment problem},
	volume = {52},
	doi = {10.1002/nav.20053},
	number = {1},
	journal = {Naval Research Logistics},
	author = {Kuhn, H. W.},
	year = {2005},
	pages = {7--21},
	file = {Kuhn - 2005 - The Hungarian method for the assignment problem.pdf:/home/akhambhati/.zotero/zotero/ogos7uvj.default/zotero/storage/A3JK3AFN/Kuhn - 2005 - The Hungarian method for the assignment problem.pdf:application/pdf}
}

@article{izhikevich_large-scale_2008,
	title = {Large-scale model of mammalian thalamocortical systems},
	volume = {105},
	url = {http://www.pnas.org/content/105/9/3593.short},
	number = {9},
	urldate = {2013-06-24},
	journal = {Proceedings of the national academy of sciences},
	author = {Izhikevich, Eugene M. and Edelman, Gerald M.},
	year = {2008},
	pages = {3593--3598},
	file = {Izhikevich and Edelman - 2008 - Large-scale model of mammalian thalamocortical sys.pdf:/home/akhambhati/.zotero/zotero/ogos7uvj.default/zotero/storage/8RWC7VXQ/Izhikevich and Edelman - 2008 - Large-scale model of mammalian thalamocortical sys.pdf:application/pdf;Izhikevich and Edelman - 2008 - Large-scale model of mammalian thalamocortical sys.pdf:/home/akhambhati/.zotero/zotero/ogos7uvj.default/zotero/storage/HVI3695R/Izhikevich and Edelman - 2008 - Large-scale model of mammalian thalamocortical sys.pdf:application/pdf}
}

@article{porter_communities_2009,
	title = {Communities in networks},
	volume = {56},
	url = {http://www.ams.org/notices/200909/rtx090901082p.pdf},
	number = {9},
	urldate = {2014-06-16},
	journal = {Notices of the {AMS}},
	author = {Porter, Mason A. and Onnela, Jukka-Pekka and Mucha, Peter J.},
	year = {2009},
	pages = {1082--1097},
	file = {0902.3788.pdf:/home/akhambhati/.zotero/zotero/ogos7uvj.default/zotero/storage/WAZDPAIK/0902.3788.pdf:application/pdf}
}

@article{otte_experimental_2013,
	title = {Experimental focal neocortical epilepsy is associated with reduced white matter volume growth: results from multiparametric {MRI} analysis},
	issn = {1863-2653, 1863-2661},
	shorttitle = {Experimental focal neocortical epilepsy is associated with reduced white matter volume growth},
	url = {http://link.springer.com/10.1007/s00429-013-0633-4},
	doi = {10.1007/s00429-013-0633-4},
	urldate = {2014-01-30},
	journal = {Brain Structure and Function},
	author = {Otte, Willem M. and van Meer, Maurits P. A. and van der Marel, Kajo and Zwartbol, René and Viergever, Max A. and Braun, Kees P. J. and Dijkhuizen, Rick M.},
	month = sep,
	year = {2013},
	file = {art%3A10.1007%2Fs00429-013-0633-4.pdf:/home/akhambhati/.zotero/zotero/ogos7uvj.default/zotero/storage/3ZXN87PX/art%3A10.1007%2Fs00429-013-0633-4.pdf:application/pdf}
}

@article{jacobs_high-frequency_2010,
	title = {High-frequency electroencephalographic oscillations correlate with outcome of epilepsy surgery},
	volume = {67},
	issn = {03645134, 15318249},
	url = {http://doi.wiley.com/10.1002/ana.21847},
	doi = {10.1002/ana.21847},
	language = {en},
	number = {2},
	urldate = {2014-09-30},
	journal = {Annals of Neurology},
	author = {Jacobs, Julia and Zijlmans, Maeike and Zelmann, Rina and Chatillon, Claude-Édouard and Hall, Jeffrey and Olivier, André and Dubeau, François and Gotman, Jean},
	month = feb,
	year = {2010},
	pages = {209--220},
	file = {21847_ftp.pdf:/home/akhambhati/.zotero/zotero/ogos7uvj.default/zotero/storage/SDJSXR2Z/21847_ftp.pdf:application/pdf}
}